1818 2765
1513 60 1565 104 21

191 163 305 212 solis,
336 172 456 212 quum
488 160 574 209 eius
603 161 716 211 regia
744 163 787 201 et
819 163 996 203 armenta
1028 161 1201 203 et-horti
1226 162 1266 202 in
1293 174 1438 204 oceano
1466 165 1569 206 ocei-

191 233 339 276 dentali
368 237 502 275 aeseat
530 233 755 275 constituta.
808 233 986 284 Heynius
1029 234 1185 285 quidem
1221 246 1343 285 quum
1376 235 1569 277 Euheme-

191 308 361 357 rismum.
386 308 453 357 qui
479 306 623 347 dicitur
649 317 813 356 prorsus
839 306 1000 349 diluerit
1026 310 1145 357 atque
1171 308 1420 357 refutaverit,
1455 304 1496 353 in
1522 320 1569 349 eo

191 379 425 429 reprehendi
473 382 627 428 potest,
673 367 779 428 quod
824 378 1031 424 Herculem
1077 379 1129 419 ad
1169 380 1328 420 roboris
1372 381 1568 422 notionem

190 452 461 500 declarandam
487 452 630 492 statuit
652 452 851 501 inventum
877 463 976 501 esse,
1001 452 1118 503 quasi
1143 464 1187 492 re
1215 464 1309 494 vera
1334 453 1390 495 dii
1415 454 1563 495 inventi

191 528 333 574 essent,
360 535 437 566 non
463 536 511 564 ex
537 525 741 565 universae
766 524 931 566 alicuius
958 526 1086 575 gentis
1113 536 1178 566 res
1194 526 1434 576 intelligendi
1451 530 1570 577 atque

189 597 457 639 considerandi
486 598 636 638 ratione
673 599 787 648 quasi
820 597 915 639 nati.
951 597 1028 639 Sed
1060 610 1179 649 quum
1206 599 1424 650 Geryonem
1451 603 1570 650 atque

188 670 426 722 Hesperides
452 669 502 710 ab
530 670 734 722 Aegyptiis
756 672 838 712 sive
856 670 1114 714 Phoenicibus
1130 671 1276 722 petitos
1294 683 1382 712 esse
1399 676 1570 723 putaret,

189 744 425 787 uberrimam
451 744 655 784 materiam
680 746 888 793 proposuit
914 745 966 784 ad
991 745 1311 795 pervestigandae
1337 749 1379 786 et
1412 757 1570 796 compa-

189 818 332 860 randas
367 817 608 866 singulorum
640 816 871 867 populorum
904 817 1113 867 religiones
1144 828 1306 868 eamque
1331 818 1567 869 interpreta-

189 892 307 932 tionis
349 892 451 932 viam
490 891 602 940 quasi
633 891 963 930 commonstravit.
1015 891 1235 931 Moversius
1272 891 1481 933 Herculem
1521 893 1572 932 ab

187 960 391 1014 Aegyptiis
419 966 488 1004 aut
524 962 781 1003 Phoenicibus
807 962 857 1002 ad
883 962 1054 1004 Graecos
1080 963 1306 1012 pervenisse
1337 964 1422 1003 vult
1452 967 1572 1015 atque

191 1037 358 1077 eundem
393 1047 481 1076 esse
513 1049 558 1076 ac
594 1034 780 1086 Syrorum
816 1035 913 1076 Baal
952 1039 1023 1076 aut
1054 1036 1261 1086 Tyriorum
1294 1036 1573 1078 Melkarthnm.

189 1109 364 1149 Eandem
413 1107 495 1149 fere
540 1108 642 1150 viam
692 1107 910 1148 Creuzerns
958 1109 1168 1157 ingressus·
1207 1108 1443 1149 Graecorum
1489 1110 1573 1159 ple-

190 1194 333 1233 rosque
374 1182 469 1233 deos
500 1180 719 1231 Aegyptiae
752 1192 840 1221 esse
876 1181 1077 1222 contendit
1108 1181 1281 1232 originis.
1335 1182 1447 1233 Quod
1481 1193 1574 1223 vero

190 1256 348 1295 nomina
390 1266 467 1295 non
502 1254 762 1303 consentiant,
810 1254 894 1294 eius
929 1255 987 1293 rei
1027 1266 1206 1295 caussam
1242 1266 1329 1296 esse
1363 1255 1468 1305 quod
1507 1255 1576 1305 qm·

191 1329 286 1369 deos
327 1328 581 1377 adduxerint,
623 1327 779 1368 nomina
826 1331 896 1367 aut
938 1326 1179 1368 Graecorum
1220 1328 1378 1377 linguae
1424 1339 1574 1369 accom-

191 1402 385 1442 modarint
411 1398 481 1441 aut
507 1402 547 1440 in
574 1399 768 1439 Graecum
795 1411 1010 1440 sermonem
1045 1400 1246 1441 verterint.
1300 1401 1440 1450 Itaque
1472 1402 1574 1441 Her-

191 1474 317 1515 culem
358 1484 447 1514 esse
474 1471 754 1522 Aegyptiorum
793 1471 904 1522 Som,
932 1465 1115 1512 subrubri
1143 1472 1236 1512 solis
1261 1472 1388 1513 deum.
1439 1473 1576 1525 Neque

191 1558 331 1587 nomen
358 1545 545 1595 impedire
572 1545 665 1595 quin
683 1556 777 1589 ,eam
804 1545 985 1585 Herculis
1013 1546 1202 1595 originem
1230 1556 1318 1585 esse
1345 1548 1575 1587 statuamus.

193 1619 422 1660 Ducendum
455 1618 561 1659 enim
594 1629 680 1659 esse
712 1616 762 1657 ab
791 1609 887 1657 ’κῆ-ι
915 1618 1078 1668 eiusque
1113 1620 1220 1658 vocis
1253 1617 1573 1668 significationem

193 1705 288 1734 esse.
309 1693 567 1740 circuitorem,
601 1691 695 1735 solis
722 1690 869 1731 scilicet
896 1693 994 1732 viae.
1029 1690 1150 1731 Cuius
1177 1691 1235 1730 rei
1263 1692 1482 1732 certissima
1508 1703 1575 1731 ve-

194 1767 314 1815 stigia
355 1766 396 1804 in
428 1764 669 1804 Graecorum
698 1764 755 1803 de
789 1763 957 1803 Hercule
996 1763 1138 1803 fabulis
1171 1764 1420 1814 deprehendi.
1476 1765 1578 1813 Quid

193 1838 294 1879 enim
342 1837 545 1878 duodecim
590 1835 789 1876 laboribus
836 1835 1044 1885 significari
1092 1836 1167 1876 nisi
1210 1836 1396 1876 circulum
1445 1837 1576 1877 zodia-

195 1911 310 1950 cum?
349 1908 453 1957 Quid
487 1908 588 1949 Solis
629 1908 760 1958 phiala
802 1908 961 1948 Herculi
1008 1908 1125 1947 data?
1164 1908 1224 1947 De
1260 1908 1442 1959 Geryone,
1480 1920 1576 1959 quo·
1640 1953 1642 1955 ,

167 1984 182 1996 ”
196 1995 272 2034 que
308 1985 351 2022 et
375 1981 661 2031 Hesperidibus
693 1980 845 2021 fabulas
881 1981 1045 2022 eandem
1075 1982 1187 2022 nobis
1223 1981 1440 2031 explicandi
1476 1982 1578 2022 viam

196 2055 361 2105 aperire.
394 2054 441 2094 In
472 2054 661 2104 Erythiae
698 2056 801 2094 enim
834 2054 983 2094 insulae
1016 2054 1170 2098 nomine
1202 2054 1326 2095 latere
1358 2057 1578 2103 respectum

196 2129 389 2178 quendam
422 2126 518 2169 coeli
554 2126 751 2167 occidente
785 2127 865 2165 sole
896 2125 1091 2175 rubentis,
1120 2126 1311 2176 Geryonis
1338 2138 1477 2166 nomen
1505 2127 1577 2166 du-

197 2201 360 2242 cendum
390 2210 479 2249 esse
505 2211 530 2239 a
555 2204 691 2253 γῆρας.
725 2199 873 2256 μΙῒ,ε),ᾳιιθ
901 2209 1059 2238 sensum
1085 2197 1241 2238 fabulae
1269 2211 1367 2249 esse,
1394 2211 1487 2240 vere
1514 2210 1578 2239 so-

195 2274 271 2314 lem
298 2272 415 2313 hiemi
441 2272 525 2311 seni
550 2271 643 2311 anni
671 2275 851 2321 tempora
866 2271 1071 2319 abducere,
1100 2282 1202 2321 quae
1229 2283 1348 2322 quum
1374 2273 1452 2312 tria
1488 2272 1578 2320 sint,

199 2345 417 2396 Geryonem
445 2344 653 2394 tricipitem
679 2343 786 2394 fingi.
840 2345 968 2384 Boves
995 2355 1082 2383 esse
1107 2355 1243 2393 annos,
1284 2345 1376 2383 anni
1403 2347 1581 2397 tempora

198 2429 373 2465 menses,
408 2418 475 2466 qui
513 2417 631 2457 hiemi
671 2419 789 2473 atque
824 2417 966 2466 pluviis
1003 2417 1232 2466 eripiantur.
1273 2416 1450 2456 Eandem
1487 2419 1579 2469 anni

198 2494 419 2541 temporum
450 2489 776 2540 significationem
808 2489 971 2539 exprimi
1006 2489 1265 2539 Hesperidum
1300 2489 1422 2529 malis.
1476 2490 1579 2530 Her-
