1818 2765
679 428 1081 524 PRAEFATIO.
1126 431 1128 433 ’

193 619 355 723 Quum
408 655 465 701 de
502 655 701 701 Hercule
742 652 1021 700 Graecorum
1064 660 1226 714 poetae
1277 659 1322 698 et
1358 651 1572 698 historiae

190 746 393 785 auctores
424 745 492 785 tot
522 745 705 800 tamque
738 737 886 784 varias
917 737 1094 783 fabulas
1126 736 1412 795 tradiderint,
1453 743 1504 781 ut
1534 736 1572 782 si

189 822 289 884 quis
323 838 476 872 omnes
510 822 747 883 complecti
779 828 824 868 et
856 837 1080 882 exponere
1110 820 1261 878 vellet,
1293 819 1569 866 Herculeum

190 907 318 968 quasi
355 906 557 952 laborem
588 906 853 967 susciperet,
896 905 1003 951 satis
1043 920 1184 967 grave
1216 921 1328 950 onus
1359 904 1471 956 mihi
1502 905 1569 949 vi-

189 989 298 1036 deor
337 989 548 1047 subiisse,
590 996 642 1034 ut
683 989 838 1035 ceteris
881 988 938 1043 de
967 989 1165 1035 Hercule
1195 988 1362 1034 fabulis
1396 988 1570 1033 omissis

188 1073 372 1119 abactos
405 1072 632 1134 Geryonis
669 1072 809 1118 boves
851 1080 895 1118 et
935 1072 1057 1118 mala
1087 1072 1387 1133 Hesperidum
1417 1072 1571 1119 ablata

187 1172 456 1217 exponerem
490 1163 553 1214 et,
586 1162 804 1217 quantum
834 1155 884 1200 in
914 1171 987 1201 me
1017 1162 1095 1213 est,
1127 1156 1453 1215 interpretarer.
1509 1154 1571 1199 At

186 1241 225 1284 si
266 1239 378 1300 quis,
423 1255 502 1284 cur
543 1255 617 1284 eos
660 1239 940 1300 potissimum
970 1238 1181 1284 Herculis
1213 1239 1392 1284 labores
1425 1239 1568 1300 expli-

187 1322 353 1369 candos
374 1323 599 1385 elegerim,
622 1339 680 1368 ex
700 1339 772 1369 me
794 1329 992 1384 quaerat,
1013 1323 1061 1368 in
1083 1322 1138 1368 iis
1156 1338 1334 1368 omnem
1356 1322 1450 1368 fere
1465 1339 1569 1384 pro-

185 1408 332 1468 priam
363 1408 559 1452 numinis
591 1407 799 1453 Herculis
831 1407 926 1453 vim
957 1407 1243 1467 indolemque
1274 1407 1419 1452 inesse
1449 1414 1572 1452 ratus

185 1508 297 1549 sum,
331 1490 495 1553 quibus
527 1498 646 1537 recte
677 1491 929 1553 explanatis
960 1491 1125 1538 multas
1140 1491 1337 1538 rationes
1363 1491 1572 1538 Herculis

186 1582 229 1620 et
261 1575 472 1636 physicas
504 1582 548 1620 et
578 1574 814 1621 historicas
846 1582 891 1621 et
921 1575 1090 1622 ethicas
1121 1583 1275 1637 patere
1305 1583 1431 1637 puto,
1462 1574 1570 1620 Non

184 1674 256 1704 me
285 1658 416 1719 fugit,
447 1659 615 1705 multos
632 1658 769 1710 ,viros
801 1659 957 1705 doctos
989 1660 1038 1704 in
1070 1676 1124 1705 eo
1145 1659 1375 1705 laborasse
1394 1666 1445 1704 ut
1464 1675 1569 1719 pro-

183 1742 329 1803 priam
370 1741 582 1789 Herculis
625 1743 821 1790 numinis
862 1743 955 1789 vim
997 1759 1266 1805 sensumque
1305 1743 1464 1790 fabula
1500 1759 1567 1789 re-

184 1826 415 1873 conditum
445 1827 854 1889 interpretarentur.
887 1828 1089 1884 Quorum
1121 1828 1302 1889 quidem
1323 1828 1569 1874 sententiae

182 1910 247 1957 ita
276 1911 429 1957 variae
461 1898 566 1958 sunt
597 1927 651 1958 ac
682 1928 817 1974 saepe
847 1913 912 1959 ita
938 1913 1055 1959 inter
1075 1929 1124 1958 se
1142 1920 1360 1974 pugnant,
1394 1920 1446 1958 ut
1465 1928 1566 1974 per-

181 1994 367 2040 difficile
407 1994 466 2040 sit
505 2003 671 2041 certam
713 2012 768 2041 ex
807 1996 862 2042 iis
893 1996 1150 2043 fabularum
1191 1996 1566 2042 enucleandarum

180 2078 401 2124 rationem
431 2079 672 2140 percipere.
736 2079 857 2125 Nam
887 2089 938 2125 ut
965 2096 1135 2147 eorum,
1170 2081 1249 2141 qui
1281 2081 1337 2126 de
1367 2080 1565 2126 Hercule

180 2161 465 2226 scripserunt,
500 2169 667 2209 aetates
691 2179 739 2209 se
761 2171 1043 2225 exceperunt,
1068 2162 1133 2210 ita
1153 2164 1223 2210 sui
1243 2165 1434 2226 quisque
1452 2172 1563 2210 tem-

178 2246 302 2306 poris
334 2246 568 2307 opiniones
617 2254 695 2291 aut
726 2255 902 2294 secutus
934 2255 999 2293 est
1029 2255 1108 2293 aut
1146 2264 1287 2294 novas
1328 2250 1565 2310 proposuit

178 2336 258 2375 aut
289 2345 371 2375 sua
402 2345 504 2398 cum
523 2330 579 2376 iis
601 2331 717 2391 quae
737 2331 909 2393 priores
931 2332 1296 2393 excogitaverant
1317 2333 1561 2380 coniunxit.

177 2411 337 2474 Itaque
380 2429 543 2475 operae
579 2415 772 2476 pretium
811 2431 884 2461 me
925 2415 1149 2462 facturum
1189 2433 1286 2462 esse
1323 2433 1478 2479 spero,
1522 2417 1561 2462 si

178 2512 483 2560 quaecumque
514 2497 570 2554 de
601 2499 689 2544 hac
719 2515 769 2544 re
799 2499 848 2544 in
878 2507 1115 2560 utramque
1140 2508 1314 2562 partem
1335 2501 1561 2562 disputata
