1818 2765
1502 61 1570 103 27,

318 164 566 215 Quinetiam
592 167 642 207 de
667 165 962 217 Hesperidibus*
976 168 1017 207 et
1041 167 1093 207 de
1127 167 1263 207 Persei
1289 165 1342 206 ad
1368 165 1571 215 Gorgones

190 241 330 281 itinere
364 239 517 280 fabulas
547 241 600 279 'ex
633 239 701 279 illa
735 238 944 279 veterrima
969 238 1159 289 quaem,
1193 239 1304 278 cuius
1338 239 1507 288 vestigas
1532 238 1572 277 in

190 313 325 354 Indica
349 312 481 354 fabula
507 311 862 363 deprehenduntur,
890 312 1001 362 quasi
1027 323 1075 354 ex
1101 311 1290 354 communi
1316 312 1425 353 fonte
1451 310 1572 351 deflu-

191 386 295 426 xisse
321 385 473 426 collatis
499 385 547 424 iis
569 384 775 435 probabile
799 385 895 425 mihi
920 384 1054 425 videri·
1068 385 1172 425 hand
1207 385 1441 435 negaverim.
1469 384 1575 424 Her-

191 456 289 501 culis
315 462 453 500 contra
480 458 698 509 Geryonem
723 458 889 509 profecti
910 457 1209 501 fabulamnexu
1231 458 1403 509 >quodam
1431 457 1574 500 cohae-

191 533 291 572 sisse
326 540 417 572 cum
438 528 574 571 Persei
607 531 740 571 fabula
773 542 821 571 eo
848 534 1028 581 apparet,
1066 531 1171 584 qnod
1198 533 1367 572 Perseus
1398 540 1571 580 proavus

191 605 372 646 Herculis
398 604 518 644 fuisse
547 604 819 655 chrysamque
836 605 1029 657 Geryonis
1055 607 1170 655 peter
1186 604 1351 646 Medusa
1377 617 1402 644 a
1423 605 1572 645 Perseo

189 676 397 718 interfecta
430 680 546 717 natus
580 688 667 717 esse
701 679 862 718 dicatur.
919 677 996 716 Sed
1028 687 1093 716 res
1127 687 1284 727 qnoque
1319 678 1368 716 ab
1400 680 1570 727 utroque

189 754 324 800 gestae
349 752 448 792 mire
474 754 704 800 congruunt.
740 747 915 801 Uterqu'e
942 761 1079 790 versus
1106 750 1344 793 occidentem
1370 749 1571 800 profectus

190 823 376 864 edocetur
402 835 426 862 a
442 823 631 874 Nymphis
659 823 709 862 de·
734 833 781 862 re
806 824 1009 873 patranda,
1037 824 1087 863 ab
1106 826 1273 872 utroque
1300 824 1339 862 in
1362 822 1569 872 Aethiopia

190 907 253 936 res
289 895 475 937 mirificae
515 900 716 945 geruntur.
771 896 828 935 Ut
860 895 1020 936 Herculi
1054 908 1139 937 cum
1172 896 1352 947 Geryone
1384 896 1568 946 tricipite,

188 970 244 1009 ita
269 969 413 1011 Perseo
440 973 529 1010 cum
555 968 683 1008 tribus
701 968 947 1020 Gorgonibus
968 968 1178 1009 ‘sororibus
1192 969 1443 1020 pugnandum
1469 972 1568 1009 erat.

187 1043 248 1082 De
273 1042 555 1092 Hesperidibus
586 1040 719 1082 fabula
754 1043 848 1093 quin
881 1054 967 1084 cum
997 1046 1166 1093 utraque
1200 1042 1403 1083 coniuncta
1438 1043 1567 1091 fuerit,

187 1126 265 1154 non
291 1115 451 1154 dubium
487 1118 560 1154 est.
614 1116 714 1154 Nam
740 1115 938 1155 Hesiodus
969 1119 1106 1155 narrat
1132 1116 1335 1164 Gorgones
1368 1115 1569 1156 habitasse

186 1192 296 1227 trans
323 1187 510 1237 inclytum
536 1198 734 1235 oceanum,
754 1187 821 1226 ubi
846 1187 1110 1228 habitaverint
1127 1188 1363 1237 Hesperides
1391 1199 1567 1238 canorae,

188 1260 333 1310 Theog.
362 1261 453 1308 274,
481 1263 521 1300 'et
547 1270 691 1310 pancos
718 1263 810 1310 post
834 1271 985 1309 versus,
1012 1260 1203 1310 Pegasum
1230 1260 1405 1301 Medusa
1422 1264 1567 1313 natum,

187 1333 419 1383 Chrysaoris
446 1332 619 1381 fratrem,
647 1333 784 1374 relicta
810 1336 918 1373 terra
944 1335 1119 1374 avolasse
1146 1338 1270 1374 matre
1297 1331 1448 1387 μήλων.
1480 1334 1568 1374 Jam

187 1418 305 1457 quum
333 1408 383 1448 de
410 1407 574 1447 Diodori
600 1408 753 1447 ratione
781 1407 1000 1457 explicandi
1025 1406 1177 1448 fabulas
1204 1407 1320 1447 huius
1338 1407 1476 1457 capitis
1493 1407 1569 1447 ini-

184 1481 240 1520 tio
268 1480 446 1529 diximus,
474 1483 729 1520 memoratum
755 1483 818 1520 est
843 1491 868 1519 a
893 1480 1005 1520 nobis
1031 1481 1129 1519 duas
1147 1481 1395 1529 potissimum
1422 1481 1471 1520 de
1498 1492 1567 1520 au-

185 1553 264 1592 reis
290 1551 436 1604 μὴλοις
462 1553 663 1601 opiniones
692 1552 741 1592 ab
768 1564 816 1593 eo
842 1552 986 1593 afferri.
1015 1553 1072 1592 Re
1090 1553 1314 1603 diligentius
1341 1556 1471 1593 mente
1497 1563 1566 1592 vo-

184 1626 269 1666 luta
294 1624 424 1666 facere
449 1635 527 1665 non
553 1617 725 1676 possum,
755 1625 848 1676 quin
875 1625 963 1666 illos
990 1626 1152 1666 Diodori
1187 1630 1367 1668 auctores
1393 1627 1567 1676 priorem

184 1698 338 1738 fabulae
372 1699 535 1738 formam
567 1698 672 1739 haud
704 1700 907 1749 ignorasse
940 1699 1119 1739 arbitrer.
1174 1701 1274 1739 Nam
1305 1701 1380 1739 etsi
1407 1709 1456 1739 ex
1482 1699 1563 1739 He-

184 1771 282 1812 siodi
309 1773 480 1812 carmine
506 1783 583 1811 non
610 1763 855 1822 perspicuum
882 1775 954 1821 est,
982 1775 1114 1812 utrum
1140 1772 1424 1822 Hesperidibus
1450 1783 1566 1822 poma

183 1855 234 1885 an
260 1855 353 1885 oves
379 1844 576 1892 tribuerit,
605 1848 734 1885 tamen
760 1856 808 1886 ex
830 1846 1037 1897 utriusque
1063 1846 1390 1896 et‘Hesperidum
1416 1849 1458 1887 et
1484 1845 1563 1887 Ge-

182 1919 315 1968 ryonis
341 1918 496 1959 fabulae
531 1919 803 1969 similitudine,
841 1930 957 1969 quam
992 1920 1143 1970 antiqui
1171 1929 1326 1970 quoque
1344 1918 1564 1960 fabularum

180 1994 362 2032 auctores
399 1991 567 2031 sensisse
607 1992 799 2042 videntur,
832 2003 950 2043 quum
983 1993 1087 2034 haud
1114 2004 1206 2033 raro
1233 2005 1300 2034 eas
1328 1995 1441 2044 quasi
1458 2005 1560 2034 con-

179 2066 344 2106 fundant
370 2068 411 2105 et
436 2065 635 2115 misceant,
669 2067 856 2107 coniicere
889 2067 998 2116 licet,
1032 2077 1118 2107 eam
1144 2064 1265 2106 fuisse
1292 2068 1482 2107 variatam
1510 2068 1561 2108 de

179 2139 370 2190 Geryonis
397 2139 523 2179 bubus
549 2140 824 2180 narrationem.
860 2140 960 2180 Nam
987 2151 1035 2179 ex
1060 2151 1107 2180 eo
1135 2150 1288 2191 quoque
1314 2140 1483 2182 fabulam
1511 2142 1561 2183 de

178 2211 346 2269 Hercule
381 2212 431 2252 ad
471 2212 708 2261 Hesperides
748 2213 923 2262 profecto
964 2212 1156 2263 Geryonis
1194 2213 1264 2253 illa
1302 2215 1560 2255 recentiorem

177 2283 298 2325 fuisse
324 2294 515 2335 apparere
542 2288 648 2335 puto,
677 2285 780 2335 quod
807 2285 847 2324 in
866 2285 1107 2335 Theogonis,v
1129 2296 1248 2336 quum
1263 2287 1442 2328 Herculis
1471 2299 1558 2329 cum

178 2357 369 2409 Geryone,
396 2357 632 2410 Eurytione‚
671 2357 815 2398 Orthro
842 2368 939 2399 cane
965 2362 1162 2400 certamen
1198 2362 1393 2411 expressis
1428 2362 1557 2403 verbis

175 2433 369 2481 narretur,
395 2432 550 2474 fabulae
575 2433 626 2472 de
650 2432 931 2482 Hesperidibus
959 2433 1134 2484 singulae
1160 2438 1206 2476 ut
1230 2435 1288 2475 ita
1314 2436 1439 2476 dicam
1465 2448 1556 2486 par-

174 2509 247 2556 teS‚
274 2515 373 2556 quas
399 2507 548 2555 posteri
565 2507 745 2545 auctores
773 2506 813 2545 in
839 2516 955 2546 unam
973 2507 1235 2548 narrationem
1261 2510 1555 2558 coniunxerunt,
