1818 2765
178 176 367 218 fioandam
399 176 598 227 pertinere
634 176 837 226 Gorgones
864 187 912 216 eo
948 175 1185 225 ostenditur,
1221 176 1327 226 quod
1353 175 1560 216 interfecta

181 250 347 290 Medusa
382 249 582 301 Chrysaor
617 253 733 289 natus
778 259 865 288 esse
914 251 1110 288 narratur.
1174 247 1433 299 Chrysaor-em
1466 259 1560 290 vero

178 324 294 364 anmi
310 322 437 374 ‘gladii
468 323 596 363 virum
617 320 726 372 quid
752 320 864 362 aliud
890 320 1370 371 significae-censeamus,
1395 320 1470 362 uisi
1497 333 1559 362 re-

180 396 261 437 nati
288 397 400 447 quasi
427 396 519 437 solis
538 395 724 436 radium?
776 395 909 444 Quare
933 398 994 446 ut,
1027 406 1128 446 quae
1153 408 1178 436 a
1200 406 1262 435 me
1287 394 1466 445 pluribus
1493 406 1559 435 ex-

180 469 327 520 plicata
352 473 456 520 sunt,
478 468 657 518 colligam
682 480 728 509 ac
753 467 1114 519 repetamsfabulae
1137 467 1189 508 de
1216 466 1316 507 Solis
1343 472 1385 508 et
1410 468 1560 519 Geryo-

179 542 241 581 nis
266 542 466 591 armentis,
486 541 549 581 -de-
560 541 852 591 Hesperidibus,
860 541 918 581 2de
934 540 1190 590 Gorgonibus
1206 551 1249 579 a
1268 542 1412 581 Perseo
1437 541 1560 581 inter·

178 615 292 656 fectis
318 614 411 655 mihi
438 627 486 656 ex
510 610 706 655 communi
731 604 1023 656 fonte-fluiisse
1047 612 1243 654 videntur.
1279 614 1333 654 At
1357 626 1431 664 pro
1457 625 1561 664 rara,

180 696 281 737 quae
306 688 384 727 illis
410 687 649 737 temporibus
675 690 774 736 erat,
792 687 1035 736 singularum
1055 685 1242 727 Graeciae
1268 688 1443 735 gentium
1467 699 1560 733 eou-

181 761 386 802 euetudine
418 772 519 811 quae
545 760 657 801 initio
684 771 763 800 una
787 758 919 808 fabula
945 762 1032 799 erat
1057 768 1145 800 cum
1173 759 1267 799 solis
1290 763 1361 800 aut
1385 760 1481 800 lueis
1508 760 1560 801 si-

182 833 439 884 gnificatione,
467 844 514 873 ea
539 836 677 883 postea
703 845 728 872 a
752 832 994 881 singularum
1008 831 1198 872 Graeciae
1216 833 1418 882 regionum
1436 834 1563 882 genti-

180 907 254 947 bus
280 908 434 947 variata
466 909 527 946 est
566 910 607 946 et
638 906 696 945 ita
720 908 891 954 mutata,
917 908 964 944 ut
988 903 1145 945 fabulae
1172 906 1400 955 complures,
1430 917 1561 945 rerum

184 980 421 1021 insertarum
447 979 640 1019 varietate
667 978 845 1018 diversae
859 980 1123 1018 nascerentur.

307 1054 445 1104 Neque
471 1052 512 1091 in
538 1051 624 1092 aliis
650 1050 804 1100 fabulis,
830 1061 929 1101 quae
955 1054 1096 1101 postea
1121 1062 1209 1091 cum
1234 1051 1374 1092 itinere
1400 1052 1463 1092 ad-
1482 1052 1562 1092 He-

183 1126 358 1175 sperides
386 1127 612 1165 coniunctae
644 1128 754 1173 sunt,
782 1127 828 1162 ut
861 1124 1044 1163 Herculis
1079 1136 1168 1163 cum
1194 1123 1326 1174 Cycno
1362 1127 1412 1163 et-
1435 1124 1563 1164 Marte

175 1202 395 1248 certamen,
423 1196 651 1238 interfectus
678 1196 728 1236 ab
761 1207 810 1236 ee
834 1196 1034 1246 Emathio,
1068 1201 1309 1246 susceptum.
1324 1197 1377 1236 ab
1404 1197 1563 1238 Atlante

182 1272 343 1320 coelum,
363 1271 477 1310 aliam
504 1281 621 1319 quam
645 1270 739 1308 solis
754 1270 849 1309 v{sive
872 1269 1043 1327 {siderum
1068 1270 1257 1309 rationem
1284 1272 1414 1310 inesse
1439 1282 1562 1320 appa.-

182 1348 255 1383 ret.
292 1343 369 1383 Per
395 1343 562 1383 Martem
589 1342 693 1382 enim
707 1353 838 1393 >quum
865 1341 1078 1393 significari
1105 1342 1287 1383 videatur
1312 1343 1464 1384 eoelum
1490 1355 1562 1384 nu-

175 1418 296 1458 bibus
323 1417 531 1465 obtectum,
564 1415 756 1466 proeellae
775 1421 909 1466 *atque
936 1415 1126 1465 tonitrua,
1155 1427 1255 1467 quae
1282 1416 1450 1468 denique
1476 1428 1565 1457 cum

183 1492 291 1531 coelo
319 1501 458 1530 sereno
488 1493 608 1540 atque
640 1489 724 1530 sole
755 1489 971 1539 pugnantia
997 1500 1084 1530 esse
1110 1490 1337 1541 videantur,
1370 1490 1456 1532 fieri
1487 1503 1564 1532 uon

182 1564 311 1613 potuit
337 1563 431 1614 quin
455 1562 588 1604 fabula
613 1562 838 1612 exsisteret,
870 1573 949 1612 qua
979 1562 1171 1604 Hercules
1202 1576 1290 1605 cum
1321 1565 1450 1605 Marte
1489 1576 1563 1615 pu-

181 1648 323 1686 gnasse
348 1639 590 1676 narraretur.
618 1635 887 1676 Emathionem
897 1634 1058 1676 Tithoni
1083 1640 1126 1678 et
1137 1637 1315 1678 Aurorae
1338 1636 1461 1690 filium
1486 1638 1566 1678 diei

183 1721 338 1749 numen·
352 1720 440 1749 esse
468 1712 509 1749 et
535 1720 674 1749 nomen
701 1714 742 1750 et
767 1716 956 1760 parentes
990 1710 1088 1750 satis
1120 1710 1315 1751 luculente
1341 1711 1564 1752 ostendunt.

184 1783 261 1824 Sed
289 1795 359 1823 cur
383 1783 434 1823 ab
461 1784 631 1824 Hercule
657 1783 885 1825 interfectus
912 1786 981 1834 sit,
1009 1785 1150 1824 mirum
1176 1783 1299 1824 videri
1325 1785 1462 1834 possit,
1489 1785 1566 1825 uisi

183 1855 392 1907 significari
427 1861 645 1896 statuamus
684 1857 884 1898 occidente
919 1857 1003 1897 sole
1039 1857 1142 1898 diem
1185 1858 1392 1907 exstingui.
1456 1858 1565 1906 Quae

185 1929 367 1970 Herculis
393 1929 444 1969 ab
461 1930 621 1972 Atlante
647 1931 796 1972 coelum
810 1931 1060 1981 suscipientis
1079 1932 1240 1981 propria
1266 1931 1320 1971 sit
1345 1933 1470 1982 notio,
1487 1943 1566 1973 non

184 2006 331 2044 temere
371 2002 678 2054 diiudicaverim3
722 2004 818 2044 illud
853 2009 984 2045 autem
1017 2008 1198 2055 apparet,
1238 2006 1411 2045 rationes
1436 2005 1566 2055 inesse

184 2077 366 2128 physicas
393 2076 455 2117 vel
481 2076 748 2127 astrologicas,
768 2088 867 2128 quas
893 2078 1044 2127 antiqui
1064 2090 1219 2129 quoque
1245 2083 1427 2120 auctores
1452 2079 1567 2120 facile

186 2153 441 2201 agnoverunt,
475 2150 564 2191 licet
596 2150 808 2192 Euhemeri
840 2152 903 2192 usi
935 2141 1088 2192 ratione
1113 2151 1284 2193 fabulam
1314 2153 1565 2203 explicarent.

184 2225 365 2265 Necnon
391 2235 463 2274 per
489 2224 763 2265 Prometheum
790 2226 839 2266 ab
857 2226 1025 2266 Hercule
1052 2225 1223 2265 solutum
1249 2225 1352 2268 hunc
1378 2227 1472 2267 solis
1499 2231 1569 2268 aut

185 2299 285 2340 lucis
311 2310 453 2339 numen
486 2310 573 2339 esse
609 2298 840 2339 declaratur.
895 2299 994 2338 Nam
1022 2311 1141 2350 quum
1168 2300 1422 2341 Prometheus
1449 2312 1567 2351 prop-

173 2376 298 2413 terea
324 2374 428 2423 quod
463 2372 682 2412 hominibus
718 2373 847 2422 ignem
884 2372 1073 2422 dedisset,
1113 2385 1139 2413 a
1168 2374 1268 2415 Jove
1301 2385 1395 2417 saxo
1432 2374 1567 2415 affixus

186 2449 303 2498 esset,
331 2446 511 2487 Herculis
546 2447 639 2487 solis
655 2478 658 2480 ,
674 2446 842 2487 numinis
869 2450 976 2497 erat,
1004 2458 1091 2488 eum
1119 2447 1297 2489 liberare.
1352 2448 1568 2498 Quibusin

186 2520 329 2562 fabulis
356 2533 477 2572 quum
512 2521 615 2562 haud
650 2520 816 2561 obscure
843 2521 968 2562 lateat
993 2523 1104 2562 verni
1130 2523 1223 2563 solis
1249 2524 1374 2573 notio,
1404 2535 1493 2564 nou.
1507 2528 1567 2565 te-
