1818 2765
872 676 965 764 H.

226 883 352 986 Quas
381 930 646 980 Apollodorus
673 932 722 972 de
749 931 928 981 Geryone
958 934 1000 971 et
1023 931 1281 989 Hesperidum
1310 932 1422 972 malis
1449 932 1613 974 tradidit

222 1002 375 1042 fabulas
404 1004 471 1051 qui
499 1005 690 1043 attentius
718 1005 948 1053 perlegerit,
975 1006 1147 1046 fateatur
1173 1016 1332 1045 necesse
1359 1008 1432 1055 est,
1449 1016 1525 1045 res.
1540 1019 1608 1047 va-

223 1076 302 1116 rias
331 1080 372 1116 et
398 1076 501 1117 haud
541 1088 632 1117 raro
669 1078 773 1118 inter
799 1088 844 1117 se
876 1077 1153 1119 contendentes
1180 1078 1237 1118 ita
1263 1078 1404 1121 mixtas
1431 1081 1472 1120 et
1499 1079 1612 1128 quasi

221 1150 510 1199 conglutinatas
530 1162 617 1190 esse
636 1155 681 1191 ut
698 1150 855 1191 difficile
874 1162 961 1191 esse
980 1151 1161 1191 videatur
1178 1163 1246 1192 eas
1266 1152 1304 1191 in
1332 1154 1442 1191 certa
1466 1162 1612 1201 genera

221 1223 415 1263 diducere.
470 1225 651 1264 Attamen
689 1235 732 1263 re
768 1224 996 1272 diligentius
1031 1227 1198 1265 tractata
1232 1227 1401 1273 quatuor
1426 1225 1523 1266 mihi
1551 1226 1608 1265 vi-

219 1295 364 1335 dentur
391 1307 478 1335 esse
506 1307 652 1346 genera
679 1296 905 1346 statuenda,
934 1296 1073 1346 quibus
1101 1296 1276 1346 singula,
1306 1308 1405 1346 quae
1433 1296 1537 1339 inter
1563 1307 1609 1338 se

219 1369 361 1410 similia
388 1381 475 1410 esse
512 1370 713 1420 videntur,
742 1366 1052 1420 subiungantur:
1106 1370 1311 1420 genuinam
1348 1371 1543 1420 quandam
1571 1374 1611 1411 et

216 1442 390 1483 adultam
422 1454 511 1483 cum
543 1444 630 1492 ipsa
657 1442 897 1484 Graecorum
928 1443 1086 1483 natione
1122 1442 1314 1491 fabulam,
1342 1443 1608 1485 commentitia

218 1516 296 1565 illa,
315 1526 417 1565 quae
444 1516 608 1557 ornandi
635 1518 677 1556 et
703 1515 873 1564 augendi
891 1525 1030 1556 caussa
1047 1519 1188 1564 poetae
1215 1515 1395 1563 attulere,
1423 1528 1487 1558 res
1515 1515 1610 1556 foris

217 1588 356 1628 allatas
385 1591 425 1627 et
452 1592 617 1637 propter
644 1588 937 1628 similitudinem
965 1600 1053 1628 cum
1071 1589 1241 1637 genuina
1267 1587 1401 1630 fabula
1426 1590 1607 1631 coniunc-

215 1667 288 1710 taS,
317 1672 364 1700 ea
391 1662 559 1711 denique
587 1672 687 1711 quae
715 1660 764 1699 ab
792 1660 979 1700 historiae
999 1661 1270 1710 scriptoribus,
1298 1660 1514 1700 rationibus
1541 1663 1611 1700 aut

216 1734 488 1783 geographicis
507 1737 576 1773 aut
595 1734 863 1783 etymologicis
882 1733 1074 1782 adductis,
1088 1735 1245 1781 inserta,
1265 1735 1408 1773 sensim
1429 1733 1469 1772 in
1490 1744 1607 1772 unum

219 1808 332 1857 quasi
361 1818 504 1856 corpus
531 1807 771 1847 coaluerunt.
824 1807 910 1846 Non
943 1818 1005 1846 me
1039 1806 1141 1856 fugit
1174 1818 1352 1856 magnam
1381 1807 1431 1846 de
1458 1805 1520 1847 his
1547 1818 1609 1846 re-

217 1880 290 1919 bus
318 1880 422 1919 inter
456 1881 561 1920 viros
596 1881 733 1920 doctos
761 1892 848 1921 esse
875 1880 1173 1928 dissensionem,
1201 1892 1319 1930 quum
1347 1883 1416 1919 aut
1442 1880 1610 1929 genuina

216 1955 393 1992 statuant
411 1954 534 1992 multa
561 1964 662 2001 quae
681 1952 746 1992 alii
768 1952 817 1991 ab
845 1953 990 1992 exteris
1010 1953 1232 1992 nationibus
1251 1952 1377 2011 petita
1402 1963 1490 1992 esse
1517 1963 1609 1991 con·

216 2025 390 2075 tendant,
418 2028 489 2064 aut
516 2025 671 2065 omnino
689 2024 846 2065 fabulae
872 2025 1060 2074 originem
1089 2037 1180 2064 vere
1209 2025 1399 2066 Graecam
1427 2036 1513 2065 esse
1542 2036 1609 2064 ne-

215 2101 320 2148 gent.
375 2099 484 2146 Quae
512 2099 670 2147 quidem
703 2110 781 2148 quo
815 2097 1033 2138 difficiliora
1066 2098 1282 2138 diiudicatu
1309 2100 1422 2146 sunt,
1451 2109 1497 2137 eo
1526 2109 1608 2137 ma-

214 2175 275 2222 gis
309 2172 482 2212 virorum
519 2172 724 2211 doctorum
758 2171 888 2211 studia
924 2175 964 2211 in
1005 2183 1047 2211 se
1082 2175 1296 2212 traxerunt.
1351 2171 1473 2210 Nemo
1508 2171 1608 2210 enim

214 2245 373 2294 negabit
400 2257 554 2285 omnem
582 2246 631 2285 de
658 2244 814 2284 fabulae
833 2244 1114 2294 significatione
1142 2245 1359 2294 opinionem
1388 2256 1434 2283 eo
1463 2243 1607 2293 fulciri,

216 2330 293 2368 quo
323 2320 489 2368 quisque
517 2319 632 2358 modo
661 2330 745 2358 eam
775 2320 904 2357 natam
933 2329 1020 2358 esse
1039 2321 1198 2358 statuat.
1229 2318 1359 2366 Quare
1388 2329 1488 2367 quae
1516 2317 1608 2357 mihi

213 2391 382 2441 probata
409 2394 501 2431 sunt
528 2402 605 2440 quo
634 2391 784 2431 facilius
803 2391 1056 2440 explicentur,
1076 2393 1264 2441 optimum
1281 2401 1368 2430 esse
1394 2394 1506 2430 ratus
1525 2403 1609 2430 sum

213 2477 237 2504 a
265 2465 400 2514 primis
427 2464 583 2505 fabulae
611 2466 723 2514 quasi
750 2463 925 2513 vestigiis
960 2465 1209 2513 incipientem
1237 2463 1392 2513 singula
1427 2465 1609 2513 persequi

214 2542 254 2578 et
280 2537 385 2578 inter
412 2549 455 2578 se
485 2549 727 2588 comparare.
