1818 2765
196 180 323 219 culem
366 180 469 221 euim
507 182 726 231 sculptores
763 192 952 233 persaepe
992 182 1150 223 finxisse
1195 184 1274 223 tria
1319 183 1423 224 mala
1464 194 1581 225 mauu

195 257 409 303 tenentem,
464 263 586 305 quare
634 243 809 308 εὔμηλος
857 261 976 307 atque
1017 253 1157 309 μήλων
1201 257 1419 307 appellatus
1463 262 1579 308 esset,

196 327 410 377 eodemque
456 325 574 367 modo
610 329 826 378 Aegyptios
864 332 984 379 atque
1021 330 1161 379 Tyrios
1211 330 1301 370 anni
1345 331 1462 370 deum
1506 330 1580 371 fin·-

195 399 311 440 xisse.
354 403 565 442 Herculem
591 402 697 441 tradi
724 412 812 442 cum
838 402 1048 451 Liguribus
1080 413 1278 452 pugnasse
1309 406 1427 452 atque
1461 412 1580 453 quum

195 485 282 515 eum
310 474 392 513 tela
418 473 642 522 deficerent,
670 474 710 512 in
725 484 853 523 genua
870 476 1071 514 connisum
1091 484 1189 523 esse,
1218 486 1345 525 eoque
1360 475 1456 515 nihil
1475 475 1580 515 aliud

194 547 403 598 significari
431 547 511 587 ⁴nisi
548 548 669 587 solem
705 547 943 588 occidentem
970 547 1114 587 amissa
1140 548 1338 588 radiorum
1364 549 1413 588 vi.
1468 548 1580 597 Quod

194 621 369 658 Antaeus
397 621 573 668 Neptuni
599 623 640 660 et
667 622 815 660 Terrae
851 620 955 659 filius
982 621 1153 670 dicatur,
1180 631 1228 659 eo
1256 620 1466 670 significari
1492 630 1579 662 are-

193 703 289 733 nosa
323 693 476 733 Africae
521 693 658 733 littora
703 704 804 743 quae
841 705 934 734 vere
977 697 1085 733 terra
1119 694 1306 743 marique
1329 695 1436 734 edita
1462 696 1552 734 sint.

320 765 541 805 Moversius
586 768 704 815 atque
747 765 966 805 Creuzerus
1004 776 1120 816 quam
1155 769 1443 807 monstraverat
1474 768 1579 816 Hey-

192 839 280 877 nius
307 838 410 877 viam
437 838 606 888 ingressi
634 849 752 887 quum
777 837 995 878 fabularum
1016 840 1209 878 rationem
1226 839 1423 888 physicam
1443 840 1578 888 exqui-

191 916 334 962 rerent,
363 912 523 953 nimium
551 914 592 953 in
619 922 665 953 eo
685 911 909 953 elaborasse
927 912 1108 953 videntur
1125 915 1171 952 ut
1187 912 1395 953 Herculem
1415 907 1578 953 Graccis

190 986 459 1026 abalienarent
501 988 619 1035 atque
653 975 855 1035 Aegyptiis
897 985 1023 1035 iisque
1065 986 1132 1035 qui
1170 986 1364 1025 orientem
1400 988 1580 1034 spectant

191 1059 314 1099 solem
349 1058 503 1108 populis
533 1057 762 1098 tribuerent.
816 1057 916 1098 Nam
950 1069 1070 1108 quum
1103 1059 1208 1108 apud
1236 1068 1369 1099 omnes
1403 1054 1491 1098 fere‘
1507 1069 1577 1108 po-

190 1132 305 1181 pulos
332 1132 528 1171 nascentis
565 1131 819 1170 humanitatis
845 1143 919 1180 par
945 1132 999 1170 sit
1025 1120 1210 1180 condicio,
1238 1132 1299 1180 iis,
1341 1142 1441 1180 quae
1468 1132 1578 1171 inve·

190 1206 351 1245 uiuutur
378 1204 651 1245 similitudines
680 1204 843 1244 deorum
870 1208 989 1254 atque
1031 1204 1211 1253 heroum,
1240 1205 1417 1253 quamvis
1451 1203 1577 1245 facete

188 1281 230 1319 et
260 1278 462 1328 ingeniose
495 1281 536 1318 et
572 1279 775 1327 eleganter
818 1279 1089 1326 enucleentur,
1122 1281 1254 1317 tamen
1287 1287 1364 1316 non
1397 1276 1576 1326 efficitur,

188 1352 254 1402 qni
284 1351 338 1392 dii
365 1353 469 1392 inter
496 1363 539 1391 se
567 1351 713 1391 similes
744 1352 839 1398 sint,
869 1361 936 1390 eos
959 1350 1079 1390 alium
1102 1350 1152 1390 ab
1180 1350 1255 1390 alio
1282 1362 1368 1391 esse
1395 1350 1575 1400 petitum.

187 1426 325 1474 Neque
351 1425 392 1464 in
419 1435 466 1464 eo
493 1435 628 1463 verum
656 1424 894 1481 Creuzerum
912 1423 1058 1463 vidisse
1077 1423 1266 1473 existimo,
1295 1421 1399 1472 quod
1417 1423 1457 1462 in
1474 1424 1576 1463 Her-

187 1498 273 1538 cule
310 1498 414 1537 solas
449 1498 532 1538 fere
568 1497 748 1547 physicas
791 1497 962 1537 rationes
1002 1497 1208 1536 invenerit.
1261 1496 1374 1544 Quod
1393 1496 1576 1536 ‘Baurius

187 1571 358 1611 sensisse
391 1570 566 1620 videtur,
601 1581 719 1620 quum
754 1570 921 1610 ethicam
949 1570 1139 1609 rationem
1166 1569 1398 1610 adiunxerit.
1453 1569 1575 1610 Creu-

186 1656 319 1685 zetum
353 1647 511 1684 secutus
538 1644 749 1685 Herculem
789 1644 839 1683 ab
873 1646 1019 1684 exteris
1053 1643 1281 1701 nationibus
1303 1643 1343 1701 in
1370 1643 1575 1683 Graeciam

186 1719 413 1768 pervenisse
446 1711 561 1768 putat
592 1720 712 1768 atque
745 1727 937 1768 apparere
971 1728 1019 1757 ex
1045 1717 1094 1757 iis
1136 1717 1202 1767 qui
1243 1717 1368 1773 ultimi
1394 1715 1574 1757 Herculis

186 1792 342 1833 labores
370 1793 482 1832 nobis
511 1792 647 1832 traditi
674 1792 763 1841 sint,
801 1804 849 1831 ex
876 1790 1026 1832 abactis
1054 1791 1247 1841 Geryonis
1275 1790 1402 1830 bubus
1430 1793 1471 1830 et
1493 1790 1574 1830 He·

187 1865 385 1915 speridum
413 1865 539 1913 malis,
567 1863 924 1905 Herculemfuisse
957 1864 1088 1905 solem.
1122 1864 1222 1905 Nam
1246 1863 1414 1914 Erythia
1445 1862 1574 1903 insula

186 1947 287 1988 qnae
321 1938 441 1978 fuerit
472 1950 593 1988 quum
628 1949 675 1978 ex
706 1937 793 1987 ipso
829 1938 982 1977 nomine
1019 1941 1222 1986 cernatur,
1258 1936 1386 1977 bubus
1418 1946 1572 1975 menses

186 2010 397 2061 significari
425 2008 474 2050 ab
502 2010 681 2050 omnibus
710 2011 870 2051 concedi
897 2014 1022 2061 putat.
1051 2009 1271 2061 Geryonem
1299 2020 1386 2050 esse
1405 2009 1571 2049 hiemem
1586 2000 1599 2010 ⁰

184 2096 317 2125 senem
344 2095 510 2135 eumque
537 2095 586 2124 ne
612 2084 653 2123 in
672 2087 825 2134 tempus
843 2083 1037 2125 infinitum
1056 2084 1176 2124 solem
1194 2084 1433 2125 occidentem
1452 2086 1571 2133 atque

184 2168 328 2197 annum
360 2156 502 2198 condat
533 2159 652 2208 atque
689 2156 877 2206 retineat,
912 2157 961 2197 ab
989 2157 1159 2198 Hercule
1194 2156 1292 2197 lucis
1317 2157 1475 2196 numine
1502 2154 1570 2194 de-

183 2232 332 2272 bellari.
387 2231 524 2281 Neque
552 2232 703 2272 occulte
731 2231 858 2272 tribus
884 2231 996 2271 malis
1025 2231 1103 2272 tria
1128 2230 1220 2270 anni
1238 2233 1416 2280 tempora
1432 2229 1568 2268 iucun-

183 2304 349 2355 demque
376 2314 510 2345 eorum
537 2306 661 2345 vicem
690 2303 911 2354 significari.
955 2303 1093 2355 Neque
1120 2306 1250 2343 tamen
1277 2303 1317 2342 in
1344 2302 1392 2342 iis
1418 2303 1569 2343 Hereu-

180 2379 241 2428 lis‚
270 2378 338 2428 qui
365 2378 413 2418 ab
441 2375 588 2418 exteris
611 2379 834 2418 nationibus
848 2379 888 2419 in
907 2378 1108 2419 Graeciam
1127 2378 1363 2428 pervenerit,
1393 2377 1567 2427 vestigiis

181 2451 295 2490 anxie
321 2450 560 2492 haerendum
588 2461 673 2492 esse
701 2455 828 2501 putat.
856 2449 955 2491 Nam
982 2453 1040 2492 ita
1066 2454 1259 2492 mutatum
1286 2459 1373 2490 esse
1392 2454 1437 2490 ut
1455 2451 1568 2500 quasi

181 2532 282 2564 nova
308 2523 437 2574 effigie
465 2535 653 2574 expressa
680 2525 747 2575 qui
773 2525 886 2565 initio
914 2525 1011 2565 deus
1037 2523 1194 2574 fuisset,
1229 2524 1263 2564 is
1295 2524 1412 2566 heros
1438 2525 1565 2567 factus
