1818 2765
1529 106 1581 148 1³

203 214 280 261 est,
315 211 409 262 quin
441 211 742 260 Herculesille,
771 210 844 261 qui
864 210 995 260 pelagi
1020 215 1195 252 monstra
1218 210 1430 260 domuerit,
1457 222 1581 261 usque

202 283 254 324 ad
268 322 272 325 .
285 283 457 337 ultimosf
470 283 618 335 Libyae
648 282 747 324 fines
773 285 1040 333 penetraverit
1064 282 1202 335 *ibique
1229 284 1488 333 navigationis
1514 296 1581 325 ex-

200 359 360 404 tremae.
371 360 623 399 monumenta
639 356 837 397 columnas
865 356 1048 407 erexerit,
1064 367 1162 408 quas
1189 367 1253 397 res
1270 356 1482 398 Pindarum
1496 367 1582 398 cnm

201 429 451 479 expeditione.
479 422 617 471 contra
649 429 866 481 Geryonem
900 431 1146 485 contexuisse
1176 431 1426 481 perspicuum
1458 433 1532 479 est,
1558 440 1584 469 a

203 502 323 552 Tyrio
358 502 580 544 Melkartho
615 514 756 554 magna
790 515 839 545 ex
871 507 985 553 parte
1018 504 1168 554 petitus
1203 505 1267 544 sit.
1321 503 1470 553 Quodsi
1493 515 1581 545 eum

198 575 381 616 Pisaudri
406 580 447 616 et
474 575 687 616 Stesichori
713 576 890 626 reliquiis
917 587 964 615 ea
991 587 1092 626 quae
1119 587 1168 614 ex
1185 575 1415 625 Panyasidis
1434 576 1581 616 Herac-

199 647 262 689 lea
286 652 507 699 supersunt,
526 647 770 698 conferimus,
790 636 895 698 apud
922 660 1012 691 eum
1030 649 1283 698 reperiuntur
1299 648 1581 698 Aegyptiorum

199 721 351 762 credita
376 722 608 771 immanitas,
635 721 787 761 Nereus
822 732 897 770 pro
925 721 1078 761 Oceano
1111 721 1180 770 qui
1205 719 1282 761 fuit
1313 720 1419 770 apud
1444 720 1581 761 Pisan-

199 795 312 835 drum
345 793 514 844 phialam
549 794 743 844 tribuens,
784 793 966 835 Herculis
998 805 1084 834 cum
1117 793 1284 834 dracone
1318 795 1421 835 inter
1453 794 1584 834 sidera

198 867 418 916 collocatio,
447 867 548 908 Solis
581 867 715 912 boves>
731 878 804 916 pro
831 866 1024 916 Geryonis
1058 868 1258 915 armentis,
1286 867 1487 914 custodem
1512 878 1581 907 eo·

198 951 284 980 rum
303 939 548 991 Phylaceum,
576 945 621 981 ut
646 951 695 985 ex
720 941 817 990 eius,
837 950 935 990 quas
961 940 1163 980 atmlimus
1190 940 1323 990 priore
1350 941 1490 991 capite,
1517 952 1580 981 re-

197 1013 328 1062 liquiis
355 1018 530 1063 apparet.

198 1087 418 1127 Hecataeus
447 1086 514 1136 qui
540 1097 604 1126 res
631 1089 676 1125 ut
702 1085 777 1126 sibi
804 1097 920 1126 verae
948 1097 1035 1126 esse
1063 1085 1281 1133 videantur,
1310 1097 1431 1136 quum
1457 1085 1581 1128 Grae-

200 1170 332 1200 corum
358 1159 516 1199 fabulae
541 1158 686 1200 multae
713 1159 792 1199 sint
817 1162 858 1199 et
884 1169 1018 1204 earum
1046 1158 1086 1197 in
1122 1169 1282 1198 numero
1300 1158 1581 1209 ›per-ridiculae,

200 1244 243 1272 se
276 1232 513 1282 scripturum
549 1243 636 1272 esse
667 1218 892 1282 profitetur,
934 1242 1034 1281 quae
1073 1242 1098 1271 a
1135 1231 1331 1282 prioribus
1366 1235 1581 1282 acceperat,

200 1305 354 1345 omnino
386 1306 562 1345 mutavit.
622 1305 762 1353 Itaque
797 1315 875 1354 quo
916 1304 1039 1354 magis
1075 1303 1230 1344 fabulas
1268 1304 1457 1344 historiae
1493 1303 1581 1345 fidei
1612 1330 1614 1332 -

199 1379 523 1428 accommodaret,
555 1388 656 1427 quae
681 1377 920 1417 mirabiliora
959 1387 1047 1417 esse
1080 1376 1307 1417 viderentur
1339 1388 1456 1427 quam
1482 1389 1582 1428 quae

201 1452 464 1499 crederentur,
485 1464 506 1491 e
533 1450 720 1490 fabulosis
747 1450 841 1490 locis
869 1450 909 1490 in
928 1438 1115 1491 Graeciae
1141 1445 1235 1490 nota
1261 1450 1397 1490 littora
1415 1451 1581 1491 reduxit.

200 1524 442 1565 Hellanicum
469 1535 622 1574 quoque
650 1527 691 1563 et
713 1523 974 1574 Pherecydem
1002 1524 1146 1564 maiore
1173 1534 1259 1564 cum
1286 1523 1445 1564 licentia
1470 1523 1581 1563 fabu-

200 1598 259 1636 las
286 1598 336 1637 ad
363 1598 536 1636 rationes
563 1596 844 1647 geographicas
877 1580 918 1636 et
943 1596 1148 1636 historicas
1182 1596 1493 1654 accommodasse
1520 1600 1581 1635 at-

201 1680 277 1720 que
302 1668 407 1710 haud
433 1675 525 1709 raro
551 1681 577 1710 a
609 1672 812 1719 poetarum
849 1668 1073 1709 narratione
1107 1669 1296 1709 recedere>
1328 1680 1377 1709 ex
1408 1669 1582 1719 ipsorum

200 1742 428 1793 fragmentis
465 1743 724 1792 cognoscitur.
794 1741 1023 1791 Dionysium
1058 1742 1254 1781 Milesium
1286 1742 1454 1791 Scyllam
1494 1753 1582 1781 cum

201 1815 383 1855 Herculis
409 1814 548 1855 itinere
575 1816 821 1869 contexuisse
848 1825 969 1865 supra
994 1814 1301 1858 memoravimus.

325 1888 458 1929 Prima
484 1892 643 1938 recepta
658 1889 717 1927 -·in
745 1887 924 1928 Herculis
957 1887 1110 1931 fabulas
1130 1888 1272 1929 -Italiae
1304 1890 1449 1929 mentio
1476 1890 1582 1939 apud

200 1962 443 2003 Hellanicum
477 1961 677 2003 invenitur
712 1966 753 2002 et
783 1961 901 2012 apud.
925 1961 1156 2012 Aeschylum
1193 1963 1261 2012 qui
1287 1962 1468 2003 Herculis
1494 1975 1582 2004 cum

199 2036 409 2085 Liguribus
435 2046 614 2084 pugnam
650 2040 690 2075 et
721 2035 914 2085 Rhegium
947 2039 1326 2076 commemoraverat.
1354 2036 1483 2076 Prom.
1511 2038 1581 2077 sol.

199 2109 338 2160 fragm.
368 2108 456 2148 193.
482 2108 531 2148 In
554 2108 710 2149 Italiam
736 2108 943 2150 Herculem
967 2109 1045 2149 iam
1072 2110 1223 2149 mature
1250 2109 1489 2150 Graecorum
1516 2122 1582 2151 co-

201 2183 316 2223 loniis
342 2182 549 2223 adductum
577 2193 664 2223 esse
691 2194 739 2223 ex
755 2184 960 2233 utriusque
984 2187 1027 2223 et
1044 2182 1184 2223 Graeci
1210 2186 1252 2223 et
1276 2183 1404 2223 Italici
1430 2183 1581 2223 Hercu·

200 2256 248 2297 lis
274 2255 464 2297 consimili
490 2259 632 2301 natura
657 2260 699 2296 et
725 2255 861 2296 eodem
886 2255 969 2296 fere
995 2256 1102 2295 cultu
1128 2259 1305 2305 apparet.
1358 2254 1437 2296 Sed
1462 2266 1581 2308 quum

201 2328 439 2378 Graecorum
466 2327 540 2378 qui.
560 2331 672 2373 erant
698 2330 739 2369 iu
765 2328 925 2369 coloniis
953 2338 1040 2368 cum
1059 2327 1323 2379 aboriginibus
1352 2331 1420 2379 qui
1446 2330 1581 2372 dicun·

199 2407 264 2442 tur
288 2402 461 2442 finitimis
488 2402 528 2441 in
555 2401 638 2441 dies
665 2402 790 2452 magis
808 2405 1013 2453 cresceret,
1028 2402 1279 2452 consuetudo,
1298 2403 1385 2443 fieri
1411 2415 1577 2455 nonpo-

200 2476 280 2517 tuit
304 2474 397 2526 quin
424 2485 557 2514 eorum
585 2474 681 2516 deos
697 2479 977 2525 cognoscerent
1000 2478 1120 2528 atque
1145 2476 1185 2516 in
1211 2476 1259 2517 iis
1285 2481 1448 2528 propter
1473 2478 1580 2520 simi-

199 2549 383 2596 litudines
417 2548 568 2599 aliquas
605 2559 697 2596 suos
721 2549 921 2598 reperisse
957 2549 1171 2591 crederent.
1225 2550 1311 2599 Quo
1336 2549 1482 2591 factum
1508 2556 1582 2607 est,
