1818 2765
857 639 987 729 HI.

236 849 467 938 Professus
501 896 542 934 in
577 895 694 935 huius
726 894 847 935 libelli
881 896 1143 944 praefatione,
1182 905 1285 944 quae
1305 895 1362 935 *de
1389 895 1626 945 explicandis

237 968 418 1009 Herculis
445 967 590 1009 fabulis
628 968 896 1018 cognoverim,
929 968 1003 1008 hoc
1037 970 1156 1009 tertio
1183 967 1312 1018 capite
1335 979 1400 1008 me
1425 968 1625 1018 expositu-

235 1053 340 1090 rum,
377 1053 517 1082 vereor
557 1053 606 1082 ne
642 1043 730 1091 quis
769 1041 898 1081 omnia
932 1052 1035 1084 nova
1069 1044 1190 1091 atque
1215 1053 1242 1081 a
1268 1052 1330 1081 me
1357 1041 1442 1090 ipso
1469 1041 1627 1081 inventa

233 1118 449 1166 exspectet.
491 1115 591 1155 Nam
619 1125 738 1164 quum
771 1115 822 1154 de
849 1114 898 1154 iis
926 1117 987 1154 tot
1014 1114 1088 1154 viri
1115 1117 1226 1155 tanto
1253 1114 1410 1164 ingenio
1436 1117 1626 1165 tantaque

233 1189 274 1228 in
307 1188 426 1228 rebus
460 1188 743 1237 investigandis
776 1188 971 1227 industria
1001 1188 1172 1237 praediti
1203 1188 1451 1237 scripserint,
1484 1193 1531 1228 ut
1562 1189 1627 1228 vix

234 1261 315 1301 ulla
358 1272 423 1301 res
465 1261 613 1311 fugisse
660 1271 728 1300 eos
770 1261 968 1311 videatur,
1014 1272 1213 1311 quumque
1258 1261 1310 1301 sit
1349 1261 1389 1300 in
1428 1262 1476 1302 iis
1515 1264 1627 1302 tanta

232 1334 283 1375 de
315 1335 474 1374 summis
511 1334 629 1374 rebus
666 1334 870 1383 dissensio,
908 1337 953 1373 ut
983 1334 1099 1383 plane
1138 1345 1414 1384 nonnunquam
1448 1335 1626 1375 diversas

235 1406 450 1448 adiubeant
476 1406 662 1456 rationes,
690 1417 768 1446 non
794 1406 952 1447 minima
986 1406 1074 1447 laus
1101 1409 1163 1446 est
1187 1418 1238 1446 ex
1263 1409 1375 1447 tanta
1406 1418 1537 1448 rerum
1561 1410 1625 1448 at-

229 1492 310 1531 que
347 1481 572 1530 opinionum
614 1481 714 1520 silva
748 1480 896 1529 optima
931 1480 1097 1530 elegisse
1132 1484 1174 1519 et
1206 1482 1247 1520 in
1283 1492 1399 1520 unam
1432 1482 1625 1531 quandam

233 1552 479 1605 aequabilem
513 1554 706 1594 rationem
739 1554 999 1594 coniunxisse.
1055 1553 1178 1602 Quam
1212 1553 1367 1604 quidem
1399 1555 1556 1594 laudm
1581 1558 1627 1594 ut

232 1628 396 1667 meritus
432 1627 525 1675 sim,
553 1627 795 1677 gravissimis
823 1628 873 1666 de
901 1627 1049 1667 caussis
1077 1627 1286 1667 admodum
1315 1639 1462 1668 vereor.
1519 1629 1623 1676 Quo-

235 1712 322 1740 rum
347 1704 479 1753 tamen
507 1701 722 1741 sententias
747 1702 870 1750 atque
889 1699 1092 1750 opiniones
1118 1700 1154 1740 si
1172 1701 1305 1750 paullo
1323 1702 1512 1742 attentius
1532 1712 1624 1741 mn-

233 1773 439 1813 tulerimus
468 1776 587 1823 atque
622 1773 955 1823 perpenderimus,
998 1773 1106 1812 illud-
1132 1773 1288 1822 quidem
1321 1775 1448 1823 primo
1484 1773 1625 1814 obtutu

231 1849 416 1897 apparet,
453 1846 644 1896 plurimos
679 1845 900 1886 fabularum
932 1846 1168 1896 interpretes
1196 1858 1314 1905 quum
1342 1847 1626 1897 interpretandi

230 1932 350 1960 unam
365 1921 577 1960 alteramve
601 1920 789 1959 rationem
811 1919 1108 1969 praeferendam
1133 1919 1302 1970 reliquis,
1320 1931 1408 1960 esse
1426 1923 1623 1970 putarent,

229 1995 272 2034 in
284 2005 334 2034 ea
344 1993 460 2034 anxie
475 1993 649 2052 haesisse
663 2004 814 2043 suaque
827 1997 970 2033 natura
981 1992 1140 2033 diversa
1154 1992 1189 2033 ei
1199 1993 1523 2036 accommodasse.
1536 1994 1623 2042 Quo

231 2068 325 2107 vitio
353 2067 539 2107 cumulati
566 2070 659 2106 sunt
685 2077 819 2106 omnes
846 2067 928 2107 fere
946 2062 1215 2116 philosophiae
1249 2071 1289 2106 et
1312 2066 1499 2107 historiae
1524 2068 1622 2107 scri-

229 2143 364 2190 ptores
379 2141 543 2190 antiqui.
563 2139 662 2179 Nam
676 2143 746 2180 aut
759 2152 808 2180 ex
818 2140 972 2190 fabulis,
988 2144 1033 2181 ut
1046 2140 1102 2181 ita
1113 2140 1249 2191 dicam,
1267 2140 1421 2191 ineptas
1435 2140 1621 2181 historias

228 2214 424 2263 fecerunt,
465 2216 535 2252 aut
573 2213 764 2253 rationem
807 2213 1008 2263 physicam
1046 2213 1210 2253 maxime
1251 2214 1494 2264 probabilem
1534 2224 1621 2254 esse

228 2288 425 2328 duxerunt
457 2290 502 2326 ιιι
529 2288 786 2336 Anaxagoras
823 2290 864 2326 et
890 2286 1161 2337 Neoplatonici
1189 2288 1256 2337 qui
1281 2285 1469 2328 dicuntur
1490 2287 1620 2338 philo-

228 2360 358 2410 sophi,
394 2363 463 2399 aut
489 2360 764 2409 etymologiam
791 2359 1049 2399 adhibendam
1077 2370 1164 2400 esse
1192 2360 1388 2400 duxerunt
1416 2365 1461 2401 ut
1488 2359 1621 2401 Stoici.

224 2434 364 2484 Itaque
392 2433 623 2474 Herodorus
664 2433 713 2473 de
741 2433 995 2482 Prometheo,
1023 2445 1140 2483 quem
1167 2433 1217 2473 ab
1246 2434 1415 2474 Hercule
1451 2435 1505 2474 ad
1540 2436 1620 2475 He-

226 2506 401 2557 sperides
439 2506 617 2556 profecto
645 2506 854 2546 liberatum
882 2518 969 2546 esse
1004 2506 1172 2557 legimus
1207 2507 1311 2557 apud
1337 2507 1619 2557 Apollodorum
