1818 2765
209 88 239 127 6

211 192 344 244 ramis,
372 192 473 245 quae
499 193 598 235 Iuno
631 196 671 236 in
706 195 863 236 hortum
891 205 1015 244 suum,
1045 195 1113 245 qni
1140 196 1227 235 erat
1252 193 1357 244 apud
1384 193 1599 242 Atlantem,
1683 190 1688 195 ‘

212 265 348 307 inferri
390 267 507 308 iussit
538 271 581 309 et
607 267 846 317 Hesperides
879 268 1049 308 Atlantis
1089 266 1188 307 filias
1228 266 1412 307 custodes
1452 267 1597 317 posuit.

213 341 323 390 Quae
351 352 470 391 quum
497 354 523 382 a
547 340 701 382 filiabus
730 342 901 382 Atlantis
929 341 1256 382 subtraherentur
1281 345 1326 382 et
1347 351 1464 390 saepe
1482 349 1600 381 vexa-

212 414 370 461 rentur,
399 414 496 452 Iuno
528 415 730 454 custodem
762 414 867 454 horti
901 414 1111 454 draconem
1143 413 1372 463 pervigilem
1407 412 1599 463 implicuit

212 487 362 542 arbori,
394 498 511 535 quem
539 486 729 526 Hercules
761 486 956 526 interfecit
982 491 1024 525 et
1048 487 1147 525 Iuno
1177 487 1298 526 astris
1324 486 1466 525 intulit.
1519 485 1597 525 De-

212 559 330 609 nique
357 558 604 610 Pherecydes
633 558 813 599 Herculis
849 571 939 600 cum
965 559 1122 600 Antaeo
1158 562 1353 600 certamen
1388 558 1597 609 singulare,

214 632 388 681 genitum
421 643 470 671 ex
496 632 659 681 Iphinoe.
686 633 827 671 Antaei
860 643 984 671 uxore
1009 631 1129 671 filium
1158 632 1440 681 Palaem0nem‚
1466 631 1597 670 subla-

211 707 295 745 tum
326 703 376 744 ab
414 715 461 743 eo
494 703 546 744 ad
577 705 682 746 mala
714 716 835 745 aurea
870 704 1045 755 profecto
1071 704 1344 745 Emathionem
1370 704 1597 746 tradiderat.

210 779 489 818 Herodotus
516 790 619 828 quae
644 779 695 818 de
722 779 893 818 Hercule
919 782 1056 819 contra
1072 779 1290 828 Geryonem
1317 778 1493 827 profecto
1515 789 1596 817 me·-

210 851 358 891 moriae
384 851 560 898 tradidit,
588 863 613 890 a
639 850 800 891 Graecis
829 851 897 901 qui
921 854 1083 900 pontum
1100 850 1327 891 incolebant
1341 861 1385 890 se
1401 850 1596 900 accepisse

210 921 343 963 refert.
373 922 503 972 Atque
530 934 711 963 narrasse
738 935 818 973 eos,
846 923 1055 963 Herculem
1082 923 1202 964 boves
1229 923 1451 973 abigentem
1468 922 1595 973 Gery-

210 996 295 1035 onis
323 996 363 1036 in
390 999 538 1036 terram
565 995 659 1037 tum'
676 996 874 1037 desertam
902 996 1068 1046 venisse,
1097 1008 1214 1047 quam
1227 996 1419 1037 Herodoti
1446 999 1596 1047 tempo-

209 1069 318 1108 ribus
347 1069 516 1119 Scythae
553 1069 786 1108 incolebant.
841 1069 1059 1118 Geryonem
1088 1079 1182 1108 vero
1208 1072 1323 1121 entra
1348 1072 1510 1118 pontum
1536 1069 1595 1108 in·

209 1142 336 1182 sulam
367 1153 394 1182 a
419 1142 581 1182 Graecis
608 1141 811 1193 Erythiam
846 1144 1021 1183 vocatam
1053 1153 1176 1192 prope
1204 1140 1352 1189 Gades,
1389 1153 1490 1192 quae
1517 1142 1598 1182 sint

208 1217 322 1253 extra
352 1215 553 1254 columnas
581 1214 761 1255 Herculis
789 1215 828 1254 in
856 1215 1023 1262 Oceano,
1056 1214 1239 1254 tenuisse.
1293 1214 1405 1254 Illinc
1431 1214 1471 1253 in
1499 1214 1596 1265 Scy-

207 1288 364 1329 tharum
391 1287 488 1328 fines
515 1289 670 1329 venisse
696 1291 739 1328 et
765 1300 814 1328 ex
841 1287 1032 1336 Echidna,
1061 1289 1205 1330 mixtae
1232 1287 1433 1329 cuiusdam
1459 1292 1501 1328 et
1524 1300 1594 1338 ge-

207 1361 335 1402 minae
353 1363 519 1401 naturae
536 1362 712 1411 muliere,
731 1372 833 1411 quae
852 1372 978 1412 usque
996 1360 1048 1400 ad
1065 1360 1198 1402 clunes
1217 1362 1421 1411 superiore
1432 1372 1596 1412 corpore

207 1435 360 1483 mulier,
388 1433 571 1475 inferiore
598 1446 760 1484 serpens
779 1433 931 1482 fuisset,
958 1436 1042 1473 tres
1060 1433 1160 1474 filios
1178 1436 1384 1483 genuisse,
1401 1434 1595 1485 Agathyr-

206 1518 313 1557 sum‚
346 1508 557 1557 Gelonum,
587 1506 787 1558 scytham,
821 1511 941 1557 atque
973 1506 1025 1546 ab
1057 1506 1119 1547 his
1151 1506 1333 1548 Herculis
1367 1505 1459 1547 filiis
1492 1508 1596 1557 Aga·

206 1580 376 1630 thyrsos,
398 1580 585 1630 Gelonos,
603 1581 771 1631 Scythas
789 1583 909 1620 ortos.
938 1582 1149 1621 Praeterea
1163 1580 1271 1630 apud
1286 1582 1429 1631 Tyrem
1443 1592 1595 1620 amnem

206 1652 418 1693 Herculem
457 1654 666 1703 vestigium
706 1653 808 1693 duas
847 1654 959 1694 ulnas
1000 1654 1159 1703 longum
1200 1654 1301 1703 pede
1337 1648 1594 1703 impressisse.

199 1727 301 1782 Her.
328 1727 395 1777 IV,
423 1728 486 1767 82.
542 1727 840 1768 Herodorum
867 1719 1059 1767 Heraclea
1086 1726 1248 1767 Pontica
1273 1728 1493 1775 oriundum,
1523 1726 1594 1767 So·

205 1801 325 1841 cratis
351 1800 435 1840 fere
462 1800 685 1850 aequalem,
713 1800 896 1840 Herculis
931 1811 995 1840 res
1023 1800 1184 1840 uberius
1210 1802 1404 1840 tractasse
1431 1803 1595 1849 constat,

205 1884 327 1922 quum
355 1873 619 1922 Argonautica
645 1877 686 1914 et
712 1873 761 1912 de
787 1872 980 1913 Heraclea
1006 1873 1206 1913 scriberet.
1240 1873 1412 1913 Fabulae
1439 1872 1595 1922 quidem

208 1956 286 1984 non
312 1949 358 1985 ut
384 1948 608 1994 acceperat,
643 1946 875 1996 tradidisse,
908 1945 977 1986 sed
1002 1957 1140 1986 earum
1168 1956 1327 1986 causus
1355 1945 1595 1996 quaesivisse

207 2018 364 2059 videtur
391 2022 434 2060 et
460 2020 655 2069 quomodo
683 2022 798 2060 natae
823 2021 968 2069 essent,
996 2019 1215 2070 indagasse.
1250 2018 1475 2069 Ephorus
1501 2018 1594 2059 Gu-

207 2103 367 2131 maeus
395 2093 463 2142 qui
491 2103 615 2143 usque
642 2092 693 2132 ad
712 2092 924 2133 Alexandri
938 2095 1118 2141 tempora
1136 2092 1243 2141 vixit,
1270 2093 1311 2131 in
1331 2091 1595 2134 Historiarum

206 2164 306 2205 libro
333 2164 473 2215 primo,
507 2176 630 2216 quum
666 2165 964 2208 Heraclidarum
999 2167 1039 2206 in
1076 2166 1382 2216 Peloponnesum
1425 2165 1593 2206 reditum

204 2242 398 2288 narraret,
426 2239 606 2278 Herculis
634 2239 786 2280 fabulas
813 2239 988 2279 breviter
1014 2239 1128 2279 modo
1147 2242 1341 2280 tractasse
1358 2250 1486 2289 neque
1503 2239 1595 2279 novi

203 2310 418 2362 quidquam
451 2311 634 2352 attulisse
666 2312 833 2359 videtur.
888 2311 1077 2364 Erythiae
1109 2312 1343 2353 mentionem
1374 2310 1467 2353 fecit
1492 2314 1594 2354 teste

205 2386 332 2426 Plinio
359 2386 461 2426 Hist.
490 2386 579 2425 Nat.
608 2386 675 2435 IV,
703 2387 766 2426 22.
795 2387 854 2426 Ab
883 2398 929 2426 eo
957 2388 1081 2427 latere
1108 2397 1185 2435 qno
1213 2385 1343 2425 Gades
1365 2386 1594 2436 Hispaniam

203 2461 396 2509 spectant,
425 2459 555 2499 insula
581 2462 643 2499 est
669 2459 710 2499 in
738 2470 817 2509 qua
842 2458 952 2509 prius
980 2459 1164 2509 oppidum
1192 2458 1360 2501 Gadium
1387 2458 1472 2499 fuit.
1513 2459 1592 2500 Vo-

200 2535 318 2572 eatur
349 2532 401 2571 ab
433 2532 593 2582 Ephoro
630 2536 671 2573 et
703 2532 908 2574 Philistidc
935 2532 1121 2583 Erythia,
1145 2544 1174 2572 a
1199 2533 1359 2573 Timaeo
1392 2536 1435 2573 et
1460 2532 1593 2572 Sileno
