1818 2765
182 169 241 209 las
255 170 347 209 iam
372 168 559 210 Muilerus
585 168 836 209 refutaverat.
862 167 1060 209 Prellerus
1086 166 1262 219 (Griech.
1280 168 1444 218 Mythol.
1469 179 1562 219 pag,

182 241 221 282 11
249 242 336 291 159,
362 239 460 291 202)
487 240 694 281 Herculem
720 243 762 280 et
786 242 865 282 Jun
897 240 1103 281 conferens
1136 241 1243 281 illam
1268 242 1400 281 lunam
1435 245 1563 281 muta-

182 314 319 364 bilem,
337 313 439 356 hunc
474 316 711 366 pugnantem
738 314 832 356 solis
863 313 1001 363 heroa,
1022 325 1256 366 quamquam
1288 312 1434 355 Junoni
1460 314 1564 355 aeris

181 387 330 427 numini
354 388 485 437 perosi
520 388 619 435 sint,
654 392 784 428 tamen
819 388 903 427 eius
939 399 1029 427 esse
1052 399 1189 428 servos
1224 388 1422 427 existimat
1447 388 1566 437 idque

182 462 291 503 cerni
324 461 366 500 in
397 460 579 501 Herculis
611 461 776 502 nomine.
831 460 1059 512 Geryonem,
1076 472 1228 501 nomen
1254 472 1279 501 a
1303 459 1466 517 γηρὺειν
1491 460 1565 500 du-

183 545 295 582 cens,
329 536 443 584 putat
482 544 568 574 esse
607 536 812 574 ventorum
844 545 891 574 ac
925 534 1139 574 tonitruum
1173 520 1396 573 hiemalium
1423 543 1565 572 numen

183 618 379 658 quumque
406 605 456 646 ab
483 606 651 648 Hercule
686 607 787 647 vinci
814 607 989 658 fingatur
1019 618 1067 647 eo
1094 607 1247 648 ostendi
1280 606 1417 647 hiemis
1445 609 1565 656 atque

182 680 344 721 aestatis
379 680 496 720 vices.
550 680 723 720 Eandem
759 681 959 731 physicam
995 681 1185 720 rationem
1217 681 1345 721 inesse
1380 683 1495 729 putat
1524 680 1565 719 in

181 752 440 804 Hesperidum
465 752 577 793 malis
602 752 653 794 ab
672 752 842 794 Hercule
860 752 1051 804 abductis,
1078 753 1170 793 licet
1195 751 1351 793 fabulae
1378 752 1454 792 iam
1482 762 1565 792 ma-

184 830 271 867 ture
298 827 563 867 additamenta
588 827 737 867 Punica
762 827 934 867 admixta
959 827 1050 866 sint.

309 899 387 939 Sed
414 904 459 940 ut
485 901 575 947 iam,
594 911 695 949 quae
722 900 806 949 ipse
833 900 882 941 de
901 899 1119 940 fabularum
1146 891 1430 949 significatione
1449 899 1565 949 sensi,

181 970 395 1024 proferam,
406 974 486 1013 tres
507 971 685 1013 Herculis
699 972 826 1012 cultus
844 973 994 1013 aetates
1013 971 1242 1012 statuendas
1261 982 1349 1012 esse
1371 965 1563 1022 existimo,

182 1046 437 1095 Pelasgum,
465 1046 605 1086 deinde
633 1045 682 1084 ab
709 1049 962 1085 evanescente
980 1045 1233 1094 Pelasgorum
1261 1045 1413 1085 nomine
1439 1056 1564 1094 usque

181 1118 231 1158 ad
257 1119 403 1168 primos
431 1104 587 1158 colonos
601 1116 840 1158 Graecorum
860 1118 1033 1166 eductos,
1052 1117 1218 1167 denique
1237 1129 1361 1168 usque
1388 1118 1438 1157 ad
1456 1117 1563 1158 labe-

180 1190 365 1231 factatam
391 1201 463 1240 per
480 1189 730 1240 philosophos
758 1194 799 1230 et
824 1190 1011 1230 historiae
1038 1193 1221 1230 auctores
1248 1193 1423 1231 veterum
1451 1190 1563 1230 tabu--

180 1264 306 1304 larum
331 1262 483 1323 fidem,
541 1264 665 1311 Quam
699 1263 774 1303 rei*
791 1263 1020 1304 tractandae
1054 1264 1245 1304 rationem
1276 1263 1370 1304 mihi
1410 1263 1564 1303 ostendi

181 1337 360 1378 existimo
378 1337 426 1377 iis
445 1329 546 1387 quae
566 1350 590 1378 a
607 1338 735 1387 poetis
753 1340 795 1377 et
813 1336 1002 1378 historiae
1019 1336 1276 1387 scriptoribus
1303 1337 1450 1378 tradita
1476 1348 1563 1377 esse

181 1421 301 1460 supra
332 1410 587 1450 narravimus.
642 1410 741 1450 Nam
777 1421 879 1461 quae
914 1410 1109 1451 Hesiodus
1144 1411 1192 1451 de
1229 1411 1409 1460 Geryone
1446 1410 1564 1461 atque

181 1483 462 1533 Hesperidibus
490 1484 697 1523 memoriae
723 1483 904 1532 tradidit,
931 1483 989 1523 ita
1015 1483 1204 1534 simplicia
1231 1486 1323 1523 sunt
1349 1487 1467 1533 atque
1493 1494 1563 1522 na-

179 1559 261 1597 tiva
286 1559 332 1596 ut
358 1567 382 1596 a
407 1556 543 1605 primis
569 1556 800 1606 theogoniae
826 1560 946 1606 atque
965 1556 1185 1598 fabularum
1202 1556 1417 1607 originibus
1444 1558 1565 1598 ducta

180 1641 267 1670 esse
308 1630 524 1670 videantur.
582 1629 765 1669 Forsitan
797 1631 885 1681 quis
915 1630 1080 1678 dixerit,
1125 1630 1339 1670 Hesiodum
1378 1629 1562 1677 Graecas,

178 1715 255 1744 non
286 1702 509 1752 Pelasgicos
536 1702 689 1743 fabulas
719 1703 939 1744 tradidisse.
992 1704 1045 1744 At
1080 1715 1200 1754 quum
1231 1706 1334 1744 teste
1373 1702 1562 1751 Homero,

179 1778 290 1818 cuius
316 1775 496 1824 Achilles,
520 1775 640 1816 >heros
666 1787 759 1817 vere
778 1775 961 1827 Graecus,
980 1776 1118 1817 Jovem
1145 1776 1389 1826 Pelasgicum
1416 1779 1462 1816 ut
1488 1775 1563 1815 sibi

178 1850 403 1900 opituletur,
429 1849 612 1899 precibus
651 1854 767 1900 urget
792 1852 842 1891 Jl,
879 1866 922 1900 π,
956 1851 1045 1900 233,
1078 1853 1197 1900 atque
1225 1849 1467 1900 Thucydide,
1495 1851 1562 1899 qui

178 1922 365 1974 Pelasgos
391 1926 545 1972 gentem
582 1922 776 1973 quandam
809 1925 1015 1964 universae
1042 1923 1217 1963 Graecae
1251 1923 1419 1963 nationis
1447 1933 1562 1972 prae·

177 1997 331 2045 cipuam
363 1997 524 2045 putasse
555 1996 723 2043 videtur,
750 1996 782 2044 1,
809 1997 848 2043 3,
873 1998 913 2045 2,
942 1996 1098 2046 Pelasgi
1131 1995 1370 2037 Graecorum
1395 2007 1560 2037 consan-

178 2068 310 2119 guinei
323 2069 403 2108 sint
419 2067 587 2109 habendi
614 2071 654 2108 et
668 2071 712 2107 ut
738 2070 795 2109 ita
813 2069 939 2110 dicam
955 2070 1133 2119 maiores
1147 2069 1235 2109 illas
1263 2068 1422 2110 Hesiodi
1448 2068 1560 2109 fabu—

176 2142 236 2182 las
262 2142 488 2191 Pelasgicae
519 2141 681 2190 originis
713 2153 801 2182 esse
828 2146 970 2191 putare
996 2143 1092 2182 mihi
1119 2144 1369 2182 concedatur.
1424 2143 1562 2192 Itaque

178 2214 386 2255 Herculem
412 2213 523 2254 initio
549 2214 664 2254 deum
692 2213 814 2256 fuisse
840 2214 934 2256 solis
962 2218 1032 2255 aut
1049 2215 1147 2255 lucis
1166 2215 1400 2256 Greuzerum
1427 2218 1467 2256 et
1494 2215 1562 2266 qui

178 2297 266 2328 eum
292 2286 418 2327 secuti
443 2288 547 2335 sunt,
575 2289 682 2327 recte
709 2286 922 2327 arbitratos
948 2298 1036 2328 esse
1063 2288 1252 2329 existimo.
1288 2289 1365 2341 Sed
1392 2289 1561 2328 animum

177 2359 362 2402 inducere
389 2370 466 2400 non
483 2370 654 2410 possum,
682 2362 729 2399 ut
745 2362 897 2401 tantum
923 2361 1025 2411 apud
1046 2360 1218 2402 Graecos
1244 2361 1413 2402 valuisse
1435 2361 1560 2401 Phoe-

176 2434 307 2475 nicum
332 2417 604 2474 auctoritatem
642 2433 833 2483 arbitrer,
868 2438 913 2474 ut
946 2434 1152 2474 clarissimi
1178 2434 1309 2474 herois
1337 2435 1483 2475 cultum
1510 2435 1560 2475 ab

177 2506 254 2546 illis
279 2506 447 2547 mutuati
473 2506 565 2547 sint.
619 2506 827 2547 Herculem
853 2518 878 2547 a
903 2506 1162 2549 Phoenicibus
1196 2512 1266 2548 aut
1291 2508 1493 2558 Aegyptiis
1520 2508 1560 2548 in
