1818 2765
201 81 226 126 8

203 187 289 226 tuni
314 185 419 226 filius
447 196 519 226 suo
546 186 658 236 gregi
695 189 981 237 aggregasset,
995 187 1202 227 Herculem
1229 188 1292 228 ter
1317 196 1406 226 cum
1432 195 1479 225 eo
1506 185 1587 226 luo-

203 263 329 300 tatum
359 271 447 300 esse
467 271 634 311 eumque
667 258 908 300 interfecisse
943 262 1062 309 atque
1089 270 1175 299 cum
1202 261 1285 298 toto
1312 270 1430 309 grege
1456 258 1507 298 ad
1534 258 1587 299 si-

201 344 294 373 num
322 333 475 373 Ionium
502 332 740 383 pervenisse.
794 333 872 373 Ubi
907 344 1026 382 quum
1052 332 1173 374 boves
1212 332 1356 373 iniecto
1390 344 1415 372 a
1441 331 1590 373 Iunone

193 405 337 445 furore
363 417 435 455 per
463 405 651 446 Thraciae
684 407 809 445 saltus
844 406 1042 455 dispersos
1070 416 1211 455 magno
1238 416 1357 455 opere
1384 406 1590 455 coegisset,

204 478 256 517 ad
283 478 579 527 Hellespontum
607 477 780 528 venisse,
810 477 1104 528 Strymonisque
1136 477 1242 517 fluvii
1270 478 1411 518 ostium
1439 477 1589 519 iniectis

204 552 353 600 magnis
389 551 584 600 lapidibus
620 550 853 600 implevisse.
908 550 1059 590 Deinde
1095 550 1215 590 boves
1250 551 1300 590 ad
1327 550 1589 601 Eurystheum

203 623 343 673 egisse,
371 635 395 662 a
423 634 501 672 quo
527 623 668 663 Iunoni
695 622 882 662 immolati
911 625 1054 662 essent.
1099 622 1159 661 Ne
1187 624 1269 661 tum
1297 622 1453 683 quidem
1479 623 1589 663 labo·

203 708 290 736 rum
325 696 440 735 finem
474 696 679 736 invenisse.
734 696 834 735 Nam
871 706 919 735 ex
954 695 1153 735 laboribus
1185 707 1258 745 per
1284 698 1373 736 octo
1400 707 1522 736 annos
1545 699 1591 735 et

204 780 324 808 unum
361 779 532 808 mensem
575 767 761 808 confectis
788 770 958 817 purgata
985 768 1134 817 Augiae
1167 768 1323 813 stabula
1348 768 1590 818 hydramque

202 841 447 880 interfectam
489 843 578 880 rata
617 840 761 880 habere
793 840 1058 890 Eurystheum
1086 840 1268 880 noluisse.
1324 840 1454 887 Quare
1483 852 1589 880 man-

203 913 317 953 dasse
359 916 404 952 ut
443 924 566 953 aurea
593 913 858 963 Hesperidum
898 912 1001 953 mala
1036 925 1060 953 a
1087 914 1210 954 Terra
1236 912 1377 954 Iunoni
1410 913 1503 954 data
1539 912 1590 953 ab

203 985 505 1035 Hyperboraeis‚
533 997 623 1034 non,
651 990 696 1025 ut
723 986 882 1035 quidam
908 985 1118 1034 referrent,
1147 997 1169 1025 e
1196 985 1322 1037 Libya
1348 989 1590 1036 apportaret.

202 1058 276 1098 Illa
311 1069 429 1107 poma
466 1057 515 1098 ab
558 1058 766 1098 immortali
808 1059 1030 1108 centicipite
1075 1061 1277 1108 serpente,
1324 1058 1511 1110 Typhone
1551 1063 1592 1100 et

201 1130 379 1170 Echidna
404 1134 508 1177 nato,
546 1132 614 1180 qui
648 1141 695 1186 eo
728 1130 892 1180 insignis
918 1130 1079 1178 fuisset,
1108 1131 1212 1180 quod
1238 1131 1373 1171 eodem
1401 1132 1590 1180 temporis

202 1206 398 1242 momento
426 1204 559 1243 varios
587 1198 703 1242 sonos
729 1203 875 1251 ederet,
902 1203 1100 1243 custodita
1117 1202 1250 1243 fuisse.
1278 1198 1491 1245 Praeterea
1508 1204 1589 1244 He-

202 1277 379 1326 sperides
394 1306 403 1324 ‚
439 1277 620 1326 Aeglam,
648 1276 893 1326 Eurythiam‚
922 1275 1169 1326 Hesperiam,
1196 1277 1429 1319 Arethusam
1456 1289 1590 1328 pomo-

201 1362 288 1390 rum
326 1350 510 1390 custodes
546 1349 679 1390 fuisse.
734 1350 843 1397 Quae
872 1353 916 1389 ut
942 1353 1174 1399 apportaret
1200 1350 1407 1392 Herculem
1438 1352 1590 1401 profec-

202 1426 285 1463 tum
320 1434 440 1473 quum
474 1423 526 1462 ad
561 1422 807 1462 Echedorum
845 1433 996 1462 amnem
1033 1424 1228 1472 venisset,
1262 1423 1434 1474 Cycnum
1469 1422 1591 1464 filium

201 1496 342 1536 Martis
371 1496 564 1545 singulari
592 1496 803 1536 certamine
828 1496 974 1535 victum
992 1495 1248 1537 interfecisse.
1277 1498 1363 1545 Quo
1382 1496 1484 1537 facto
1503 1508 1589 1536 cum

200 1570 330 1609 Marte
358 1570 443 1618 ipso
478 1569 529 1608 ad
557 1571 754 1609 certamen
780 1573 1038 1618 provocatum
1063 1579 1201 1608 manus
1229 1569 1485 1610 conseruisse.
1539 1570 1592 1610 At

201 1642 335 1682 Iovem
353 1653 522 1691 pugnam
551 1640 712 1682 fulmine
738 1642 953 1682 diremisse.
982 1642 1119 1691 Illyria
1144 1645 1357 1691 peragrata
1382 1645 1589 1692 postquam

200 1715 250 1755 ad
286 1714 500 1755 Eridanum
536 1713 679 1755 flumen
715 1716 973 1765 pervenisset,
1008 1726 1033 1755 a
1063 1714 1254 1764 Nymphis
1287 1715 1486 1765 edoctum,
1523 1716 1590 1766 qui

198 1790 300 1829 mala
329 1788 560 1838 asportandi
587 1789 780 1829 rationem
807 1788 1047 1838 ostenderet,
1073 1788 1245 1828 Nereum
1273 1789 1436 1838 cepisse.
1478 1789 1592 1837 Quod

199 1872 319 1910 quum
353 1864 555 1901 assecutus
598 1865 705 1901 esset
738 1860 981 1911 Libyamque
1023 1865 1275 1910 peragraret,
1317 1872 1403 1901 cum
1441 1862 1592 1902 Antaeo

198 1934 347 1973 Terrae
373 1932 453 1972 filio
481 1933 671 1974 luctatum
700 1944 788 1973 esse
808 1944 982 1984 eumque
1011 1944 1033 1972 e
1060 1937 1170 1974 terra
1194 1933 1340 1974 elatum
1359 1934 1592 1984 compressis

197 2006 338 2046 lumbis
366 2017 561 2047 enecasse.
617 2007 746 2057 Atque
780 2017 899 2057 quum
932 2006 972 2046 in
1001 2007 1222 2057 Aegyptum
1249 2006 1450 2056 profectus
1476 2008 1592 2048 Busi-

197 2079 271 2117 rim
307 2090 439 2128 regem
476 2080 606 2129 ipsum
641 2080 717 2118 diis
745 2083 917 2119 mactare
945 2082 1128 2118 conatum
1156 2079 1437 2127 interfecisset,
1467 2078 1591 2119 Ther-

197 2152 353 2203 mydras
387 2152 427 2191 in
456 2152 695 2193 Rhodiorum
724 2152 822 2192 fines
856 2152 1011 2192 venisse
1043 2152 1303 2202 abactumque
1338 2152 1506 2192 aratoris
1533 2153 1591 2192 al-

196 2227 324 2263 terum
352 2224 489 2265 bovem
518 2225 739 2265 devorasse.
769 2226 856 2273 Qua
882 2209 940 2264 re*
954 2236 1075 2274 quum
1100 2225 1227 2264 iratus
1252 2228 1386 2264 arator
1404 2237 1492 2265 eum
1509 2236 1591 2265 ma-

195 2297 350 2338 ledictis
395 2304 719 2348 persequeretur,
765 2297 912 2338 factum
950 2308 1035 2338 esse
1069 2300 1114 2336 ut
1149 2298 1312 2338 Herculi
1346 2299 1591 2339 immolantes

195 2370 471 2411 vociferentur.
500 2371 712 2421 Postquam
741 2372 781 2410 in
807 2371 952 2429 Arabia
978 2370 1248 2410 Emathionem
1278 2370 1435 2411 Tithoni
1469 2371 1592 2413 filium

197 2444 470 2495 interfecisset,
500 2444 627 2494 Libya
661 2447 873 2495 peragrata
907 2444 946 2484 in
984 2444 1244 2485 continentem
1272 2448 1422 2485 vectum
1450 2444 1593 2495 phiala,

196 2517 240 2556 in
268 2517 442 2558 Caucaso
462 2518 685 2559 Promethei
712 2518 881 2567 aquilam
910 2519 1065 2567 sagittis
1092 2517 1345 2558 transfixisse.
1375 2519 1459 2567 Qno
1486 2518 1591 2559 facto
