1818 2765
867 701 921 789 I.

204 909 280 998 Ut
308 956 454 995 Aratus
488 955 537 995 ab
563 955 656 995 Iove
682 954 943 1005 incipiendum
970 964 1058 994 esse
1086 957 1219 1003 putat,
1247 955 1304 994 ita
1330 965 1402 994 nos
1431 954 1507 994 rite
1533 954 1582 994 ab

205 1027 375 1069 Homero
404 1027 580 1078 coepturi
607 1038 693 1068 esse
721 1028 953 1073 videremur,
980 1027 1055 1068 nisi
1082 1027 1205 1072 multa
1229 1027 1385 1078 quidem
1403 1028 1581 1078 legeren-

190 1104 270 1152 ⁴tur
301 1101 341 1140 in
374 1100 609 1142 carminibus
636 1101 720 1140 eius
748 1101 888 1141 divinis
917 1101 964 1140 de
991 1086 1178 1149 Hercule,
1207 1100 1255 1139 de
1282 1100 1461 1151 Geryone
1490 1111 1581 1141 vero

204 1173 328 1224 deque
356 1173 618 1223 Hesperidum
644 1173 755 1214 malis
782 1173 886 1213 nihil.
938 1173 1066 1221 Quare
1094 1172 1145 1213 ad
1173 1172 1444 1212 Hesiodum
1472 1177 1580 1213 tran·

204 1258 369 1287 scamus.
419 1247 464 1285 In
492 1246 717 1296 Theogonia
742 1250 941 1294 narratur,
970 1246 1190 1296 Geryonem
1216 1247 1429 1295 tricipitem
1457 1245 1580 1295 Chry-

204 1319 327 1359 saoris
361 1323 401 1359 et
428 1319 655 1359 Calirrhoae
681 1319 800 1358 filium
828 1318 877 1358 ab
905 1318 1076 1358 Hercule
1102 1302 1268 1369 Erythia
1293 1320 1334 1358 in
1360 1318 1488 1358 insula
1514 1331 1580 1359 ne-

205 1396 333 1432 catum
359 1403 445 1433 esse
474 1393 635 1442 eiusque
654 1395 829 1432 armenta
847 1391 992 1432 Orthro
1011 1402 1107 1431 cane
1125 1395 1166 1430 et
1183 1391 1397 1441 Eurytione
1416 1392 1584 1432 bubulco

204 1465 348 1506 necatis
377 1465 572 1505 Oceanum
608 1467 772 1505 traiecta
809 1468 849 1504 et
873 1464 1099 1515 Tirynthem
1124 1464 1293 1504 abducta
1320 1475 1418 1504 esse.
1446 1465 1574 1504 287—

204 1540 294 1579 294.
322 1539 541 1579 978—982.
594 1539 639 1578 In
666 1539 803 1579 eodem
829 1539 930 1579 libro
957 1539 1128 1578 traditur
1156 1538 1275 1578 Cetus
1303 1542 1344 1577 et
1369 1538 1581 1589 Phorcynis

207 1612 382 1653 subolem
410 1624 496 1652 esse
523 1614 718 1662 ingentem
745 1615 978 1661 serpentem,
1007 1613 1073 1661 qui
1100 1611 1139 1650 in
1167 1611 1353 1652 obscurae
1374 1615 1502 1652 terrae
1524 1611 1582 1651 la—

204 1686 337 1726 tibulis
365 1698 485 1725 aurea
511 1675 845 1726 malavcustodiat.
874 1697 908 1724 v.
936 1685 1156 1724 333—335.
1203 1685 1338 1724 Noctis
1365 1684 1466 1724 filias
1493 1696 1581 1726 esse

204 1758 457 1808 Hesperides,
486 1769 585 1808 quae
612 1768 819 1797 aureorum
845 1767 1046 1806 pomorum
1065 1760 1175 1797 trans
1195 1758 1379 1807 inclytum
1399 1768 1584 1797 oceanum

204 1832 385 1872 custodes
404 1831 493 1870 sint.
522 1832 611 1870 225.
639 1831 840 1880 Gorgones
858 1830 1037 1870 habitare
1055 1834 1164 1870 trans
1184 1832 1369 1880 inclytum
1385 1841 1583 1879 oceanum,

204 1903 272 1945 ubi
290 1904 527 1954 Hesperides
549 1913 714 1944 canorae
732 1902 843 1943 sedes
862 1903 1079 1945 habuerint.
1107 1903 1196 1943 274.
1224 1901 1419 1942 Hesiodus
1437 1902 1583 1943 dixisse

206 1977 332 2017 fertur
352 1978 547 2017 Ladonem
575 1981 807 2026 serpentem,
836 1988 949 2026 quem
969 1978 1159 2017 Pisander
1185 1982 1294 2016 terra
1320 1977 1468 2016 editum
1495 1989 1582 2016 esse

206 2050 439 2101 narraverit,
468 2049 665 2102 Typhonis
698 2060 785 2090 esse
811 2049 942 2091 filium.
982 2049 1109 2091 Schol.
1137 2049 1188 2090 ad
1215 2050 1338 2099 Apoll.
1369 2049 1436 2089 IV.
1470 2049 1582 2090 1396.

204 2125 286 2164 Iam
313 2135 405 2164 vero
426 2125 620 2181 Atlantem
648 2125 796 2164 coelum
823 2125 958 2173 ingens
986 2128 1120 2163 tenere
1148 2124 1184 2162 vi
1203 2127 1376 2163 coactum
1395 2124 1433 2161 in
1455 2128 1584 2162 terrae

207 2197 349 2249 finibus
376 2196 659 2247 Hesperidibus
691 2198 844 2238 canoris
880 2198 1146 2247 praepositum
1174 2196 1318 2246 Theog.
1346 2195 1422 2236 517
1434 2226 1444 2245 ,
1472 2196 1582 2245 aqui-

206 2272 282 2311 lam
295 2270 515 2310 Promethei
534 2273 643 2311 iecur
660 2272 911 2310 devorantem
930 2270 979 2309 ab
1001 2271 1168 2310 Hercule
1187 2271 1341 2319 sagittis
1361 2282 1585 2319 percussam

206 2353 293 2383 esse
321 2341 466 2392 Theog.
493 2342 583 2391 527,
613 2353 714 2392 quae
740 2343 780 2382 in
803 2342 1030 2392 Apollodori
1056 2343 1279 2382 narratione
1312 2354 1399 2383 cum
1426 2343 1584 2392 expedi-

205 2418 310 2457 tione
348 2416 400 2456 ad
439 2416 677 2466 Hesperides
718 2419 901 2467 suscepta
941 2418 1230 2466 coniunguntur
1243 2446 1253 2465 ,
1294 2417 1489 2457 Hesiodus
1530 2417 1586 2456 ita

206 2488 331 2538 affert,
359 2493 405 2529 ut
430 2500 507 2529 non
535 2491 725 2539 appareat
751 2493 883 2530 utrum
909 2489 1094 2531 artiorem
1121 2500 1254 2531 eorum
1282 2500 1495 2531 connexum
1515 2501 1582 2529 not

1310 2565 1330 2604 1
