1818 2765
200 79 255 122 34

201 188 322 236 atque
349 196 480 227 annus
506 185 650 227 itinera
674 185 803 228 faeere
829 189 948 237 atque
975 185 1098 229 radiis
1123 187 1233 227 udus
1251 185 1469 228 belluarum
1490 186 1597 228 ints·

201 255 296 297 bras
314 257 511 298 exsiccare
528 256 738 307 videretur,
757 257 948 298 Hercules
975 257 1095 301 heros.
1118 256 1339 309 fingebatur
1360 257 1499 309 -is,--qui
1515 257 1593 299 ex—

201 329 423 378 peditiones
449 328 598 370 faceret
623 328 664 368 iu
696 332 867 371 remotes
894 330 1091 380 regiones,
1120 329 1277 381 sagittis
1286 347 1292 356 -ν
1301 332 1478 370 monstra
1500 340 1593 382 per-

202 403 356 442 cuteret
383 404 504 450 atque
529 400 905 442 oenoehsbitsbiies
932 401 1129 443 redderet.
1148 402 1298 451 Quibus
1312 401 1431 444 rebus
1443 403 1593 445 factum

201 484 290 514 esse
321 476 438 522 puto,
466 475 513 511 ut
542 476 764 513 nascentem
792 472 1037 514 Graecorum
1068 474 1367 516 humanitatem·
1384 474 1594 517 defendere

199 549 320 596 atque
346 545 447 596 ipsis
473 545 576 586 viam
602 544 654 585 ad
680 547 838 587 exteras
865 544 1043 587 nationes
1069 546 1261 595 praeiisse
1287 546 1500 588 videretur.

325 618 380 658 Et
405 628 493 658 eam
520 627 610 659 cum
624 617 793 659 Hercule
819 617 1017 659 notionem
1044 619 1174 667 tertia,
1201 630 1319 670 quam
1345 621 1593 661 statuendam

200 693 436 742 putavimus,
464 693 597 730 aetate
623 689 865 731 coniunctam
892 690 1016 731 fuisse
1042 691 1092 731 iis
1124 701 1233 741 quae-
1261 694 1353 740 post
1378 692 1593 733 Hesiodum

199 766 241 804 in
267 763 420 803 fabulas
457 765 618 811 recepta
653 772 742 800 esse
775 762 965 810 diximus,
1002 763 1100 802 satis
1135 763 1333 803 luculente
1358 764 1591 804 ostenditur.

198 837 299 876 Nam
325 847 446 886 quum
474 834 656 874 Herculis
692 836 821 883 imago
847 835 1067 875 exstitisset
1100 838 1146 874 ut
1171 835 1301 876 herois
1320 836 1507 885 ingentes
1533 838 1590 876 la-

198 910 315 949 bores
356 908 605 957 suscipientis
641 910 760 955 atque
796 908 837 945 in
864 913 994 947 terras
1020 911 1194 947 remotas
1229 909 1371 947 itinera
1396 908 1592 957 facientis,

196 974 284 1022 fieri
320 992 400 1021 non
426 980 555 1030 potuit
581 980 676 1029 quin
704 978 846 1020 Graeci
869 989 967 1029 quas
1002 983 1202 1020 crescente
1234 980 1469 1029 populorum
1496 991 1589 1020 con-

199 1054 406 1095 suetudine
439 1053 479 1092 in
506 1052 643 1096 alienis
680 1052 799 1092 terris
832 1062 897 1092 res
929 1052 1048 1091 miras
1076 1055 1208 1101 gestas
1243 1063 1331 1092 esse
1356 1052 1590 1102 acciperent,

197 1127 356 1168 Herculi
384 1126 616 1167 tribuerent.
656 1124 797 1174 Itaque
825 1124 891 1164 ubi
920 1124 1083 1174 Tyrium
1108 1123 1370 1165 Melksrtbum
1397 1135 1590 1175 cognove-

198 1204 304 1250 runt,
332 1211 411 1250 quo
438 1199 538 1240 duee
556 1196 774 1238 Phoenices
802 1196 932 1236 omnia
958 1196 1081 1236 maria
1107 1197 1416 1248 pemavigabant
1440 1199 1588 1238 omnia·

199 1285 277 1324 que
313 1274 450 1313 littora
493 1269 826 1321 pervestigabant,
858 1268 972 1309 facile
1007 1272 1051 1307 ut
1083 1269 1192 1308 illum
1223 1273 1343 1319 atque
1381 1269 1590 1309 Herculem

198 1346 364 1386 eundem
390 1354 479 1384 esse
505 1344 701 1393 putarent,
729 1340 888 1382 adducti
915 1345 1019 1387 sunt.
1074 1341 1159 1389 Quo
1186 1340 1335 1382 factum
1352 1345 1414 1383 est
1439 1346 1484 1382 ut
1510 1342 1589 1383 Ga-

198 1419 295 1459 dera
334 1418 501 1457 insulam
539 1414 702 1455 eandem
742 1417 862 1463 atque
905 1412 1113 1462 Erythiam
1152 1416 1359 1463 putarent,
1411 1426 1590 1465 quaeque

198 1491 414 1532 Phoenices
450 1488 719 1538 promontoria
749 1486 1010 1536 navigationis
1036 1496 1132 1534 suae
1162 1486 1279 1527 finem
1306 1486 1496 1537 dicerent,
1524 1499 1588 1528 co-

198 1564 352 1604 lumnas
379 1561 429 1602 ab
449 1560 618 1601 Hercule
636 1559 927 1609 expeditionum
946 1563 1195 1600 monumenta
1211 1560 1360 1609 positas
1379 1570 1467 1599 esse
1483 1559 1588 1600 affir-

197 1640 361 1677 marent.
415 1634 566 1675 Eodem
592 1632 800 1674 referenda
834 1635 897 1673 est
923 1632 1100 1672 Tartessi
1126 1632 1313 1672 memoria
1339 1633 1381 1672 in
1406 1632 1589 1672 Herculis

196 1713 336 1750 cont-ra
371 1708 592 1757 Geryonem
631 1704 799 1755 profecti
831 1703 1002 1744 fabulam
1034 1704 1195 1743 inserta.
1247 1703 1424 1744 Phialam
1456 1708 1590 1744 autem

197 1782 303 1823 illam
331 1780 434 1821 Solis
466 1789 546 1830 qua
571 1778 760 1819 Hercules
787 1776 994 1827 Erythiam
1030 1779 1274 1817 transvectus
1302 1787 1390 1815 esse
1416 1776 1589 1817 creditus

197 1859 271 1902 est,
300 1853 478 1902 Heynius
511 1853 657 1901 quique
693 1860 782 1889 eum
818 1850 943 1890 secuti
976 1853 1069 1890 sunt
1103 1848 1154 1889 ab
1189 1850 1395 1900 Aegyptiis
1422 1850 1589 1899 petitam

197 1938 285 1967 esse
312 1930 422 1966 recte
449 1924 544 1966 mihi
571 1925 754 1965 videntur
782 1921 1038 1961 existimasse.
1066 1921 1167 1963 Nam
1193 1921 1232 1960 in
1251 1921 1490 1962 Graecorum
1517 1933 1588 1961 an-

197 1993 431 2044 tiquissimis
463 1992 700 2033 carminibus
737 1994 825 2035 Sol·
842 1993 1051 2044 quadriga,
1088 2005 1168 2034 non
1194 1995 1350 2045 navigio
1377 2005 1472 2034 usus
1500 2005 1588 2035 esse

196 2066 334 2106 fertur.
390 2065 558 2106 Videtur
596 2079 645 2107 ea
678 2066 811 2117 phiala
843 2069 884 2107 in
920 2066 1100 2107 Herculis
1127 2066 1299 2107 fabulam
1324 2070 1501 2117 tempore
1527 2069 1589 2108 in-

195 2144 304 2181 texta
332 2151 419 2181 esse
447 2151 525 2190 quo
566 2139 652 2180 eius
678 2151 767 2180 cum
795 2139 879 2180 sole
911 2142 1013 2181 ratio
1054 2140 1225 2180 noudum
1256 2151 1305 2180 ex
1330 2140 1469 2182 animis
1496 2152 1587 2181 eva-

195 2216 348 2253 nuerat.
402 2213 450 2252 In
476 2213 618 2254 Antaei
648 2212 781 2253 fabula
807 2223 885 2253 non
918 2213 977 2253 rei
1009 2212 1212 2255 cuiusdam
1242 2212 1427 2265 physicae
1459 2213 1588 2255 notio-

195 2298 282 2326 nem
328 2287 457 2326 inesse
496 2290 605 2335 puto,
652 2285 722 2326 sed
749 2296 869 2336 quum
913 2285 1154 2326 Graecorum
1193 2286 1322 2327 coloni
1347 2286 1388 2325 in
1425 2286 1588 2337 Libyam

195 2359 396 2400 venissent
435 2362 556 2408 atque
588 2358 835 2408 aboriginum
881 2358 1159 2399 immanitatem
1205 2358 1438 2402 cultioribus
1479 2360 1586 2409 ipso-

195 2442 283 2470 rum
328 2429 502 2470 moribus
543 2429 809 2480 mitigassont,
842 2428 1054 2471 Herculem
1099 2441 1217 2481 quem
1255 2432 1588 2481 propugnatorem

196 2503 310 2553 quasi
337 2504 458 2553 atque
476 2500 651 2543 Graecae
675 2501 930 2543 humanitatis
958 2506 1157 2544 auctorem
1183 2501 1481 2551 venerabantur,
1501 2514 1589 2544 cum
