1818 2765
1544 67 1572 107 9

192 183 311 223 quum
338 172 374 212 ei
400 172 655 212 Prometheus
682 171 882 222 suasisset,
909 182 959 213 ne
985 172 1070 221 ipse
1095 170 1199 211 mala
1224 174 1430 221 asportare
1455 182 1571 211 cona-

191 250 317 296 retur,
344 246 554 286 Atlantem
573 245 704 296 potius
737 245 804 295 qui
830 256 878 284 ea
909 245 1128 294 surriperet
1153 247 1398 294 precaretur,
1426 245 1476 284 ad
1502 244 1573 284 At-

171 320 333 360 lentem
368 320 593 369 pervenisse
627 319 676 360 ab
702 330 826 370 eoque
861 320 955 359 dum
994 318 1096 360 mala
1127 320 1371 368 apportaret,
1412 317 1574 369 coelum,

191 391 419 441 suscepisse.
473 392 585 440 Quod
618 402 737 444 quum
764 394 832 433 ille
857 394 1075 442 apportatis
1102 392 1213 431 malis
1242 390 1415 440 recipere
1442 390 1573 440 nollet,

191 467 236 504 ut
260 463 399 504 saltem
423 464 628 515 reciperet,
657 465 749 505 dum
776 465 861 515 ipse
888 464 963 505 sibi
989 468 1106 514 caput
1123 467 1211 504 toro
1230 464 1453 512 obtexisset,
1481 474 1573 514 pre-

118 586 125 591 ·
190 539 319 576 catum
354 537 457 577 mala
488 536 537 577 ab
570 538 636 577 illo
671 539 711 577 in
747 540 855 577 terra
880 537 1011 586 posita
1037 537 1251 589 sumpsisse
1278 540 1397 587 atque
1424 538 1572 577 Atlanti

188 609 431 649 valedixisse.
461 609 567 649 Mala
593 609 806 651 Minervam
833 608 1129 659 ab'Eurystheo
1148 607 1306 648 Herculi
1335 612 1376 649 et
1402 609 1450 648 ab
1469 606 1572 649 Her-

191 683 277 722 cule
304 681 379 721 sibi
404 683 498 722 data
523 683 563 721 in
576 681 743 732 pristino
769 684 856 723 loco
882 683 1118 731 reposuisse.
1146 682 1234 721 Non
1260 693 1321 720 me
1343 682 1457 731 fugit,
1475 682 1578 722 alios

189 765 343 804 quoque
369 756 582 804 scriptores
615 755 682 805 qui
717 757 809 804 post
835 754 1116 805 Apollodorum
1147 754 1360 802 florebant,
1388 753 1571 795 Herculis

188 837 251 866 res
279 829 482 867 tractasse.
538 826 615 867 Sed
642 824 794 867 similia.-
809 828 879 875 iis,
915 838 1015 877 quae
1051 818 1137 866 iam'
1162 827 1210 867 de
1244 827 1404 867 scenicis
1432 828 1570 877 poetis,

188 899 294 941 dicta
328 904 438 950 sunt,
473 900 727 941 conturbasse
762 910 851 950 eos,
883 911 984 950 quae
1020 911 1045 940 a
1078 899 1275 950 prioribus
1315 901 1570 951 accepissent,

188 973 432 1024 maximeque
459 973 600 1023 quibus
627 974 743 1014 rebus
770 974 1004 1014 intuentium
1030 975 1181 1013 animos
1199 976 1474 1022 permoverent
1489 974 1569 1013 ele-

187 1046 291 1096 gisse
326 1046 390 1086 vel
417 1046 642 1096 adfluxisse,
676 1047 726 1086 de
753 1046 831 1087 illis
857 1057 1013 1096 quoque
1040 1045 1297 1096 scriptoribus
1324 1047 1474 1096 valent,
1503 1048 1571 1096 qui

187 1117 367 1158 Herculis
394 1130 457 1158 res
483 1123 574 1168 post
600 1118 878 1168 Apollodorum
906 1121 1136 1158 tractavere.
1164 1120 1261 1162 Nam
1289 1130 1367 1158 non
1395 1123 1440 1159 ut
1457 1130 1569 1160 acce-

185 1187 338 1241 perant,
364 1190 517 1231 fabulas
544 1191 774 1241 simpliciter
814 1182 1043 1241 narrabant,
1071 1192 1141 1231 sed
1168 1202 1269 1240 quae
1296 1192 1370 1242 ipsi
1398 1191 1568 1241 philoso-

188 1264 304 1315 phiae
326 1267 396 1304 aut
420 1264 606 1306 historiae
631 1265 784 1305 ratione
810 1264 944 1305 habita
970 1264 1019 1304 de
1046 1264 1094 1304 iis
1122 1265 1353 1314 sentiebant,
1381 1265 1568 1306 admisce-

191 1337 296 1378 bant.
350 1337 561 1378 Praeterea
587 1331 863 1389 Apollodorur'n
898 1350 983 1379 rem
1024 1338 1119 1378 satis
1158 1340 1314 1388 copiose
1341 1339 1567 1388 exposuisse

186 1410 368 1451 arbitror.
422 1410 560 1461 Itaque
583 1410 657 1451 hoc
694 1420 811 1462 opere
849 1411 925 1452 iam
961 1414 1122 1462 peraeto
1156 1412 1207 1451 ad
1243 1423 1291 1452 ea
1321 1415 1567 1456 transeamus

186 1495 286 1534 quae
313 1484 362 1523 de
389 1485 553 1533 singulis
581 1485 710 1534 rebus,
738 1496 760 1524 e
782 1484 924 1535 quibus
942 1484 1097 1525 fabulae
1115 1487 1341 1535 coaluerint,
1369 1488 1569 1535 comperta

186 1556 330 1597 habere
357 1556 451 1595 mihi
477 1556 584 1596 visus
611 1568 708 1596 sum.
