1818 2765
253 72 304 113 16

251 179 293 217 et
319 175 549 228 Clymene,
576 176 748 218 Atlantis
785 181 826 219 et
852 178 1078 220 Promethei
1110 177 1272 221 fratrem
1297 189 1323 219 a
1346 179 1450 220 Jove
1477 169 1642 230 propter

252 250 409 290 nimiam
430 250 616 291 ferociam
631 251 792 291 fulmine
818 251 1040 301 perculsum
1067 256 1108 293 et
1132 252 1184 292 ad
1210 251 1357 292 inferos
1374 253 1537 293 missum
1554 261 1642 294 esse

251 326 402 363 narrat.
431 322 577 373 Theog.
605 323 695 364 510.
748 324 925 365 Eundem
952 316 1192 365 Menoetium
1218 323 1480 375 Apollodorus
1493 317 1643 368 narrat

250 395 300 436 ab
315 395 485 436 Hercule
498 395 712 436 Cerberum
722 406 771 436 ex
784 396 921 436 inferis
933 396 1128 438 abducere
1141 401 1283 438 conato
1294 397 1480 440 luctando
1494 398 1641 438 victum

253 469 431 518 maleque
459 468 671 509 mulcatum
698 479 797 509 esse.
851 469 960 517 Quae
988 473 1222 520 sequuntur,
1249 469 1390 520 Rhegii
1414 469 1552 510 bovem
1578 468 1640 510 fu·

250 544 357 591 gisse
384 545 425 581 et
449 541 489 580 in
518 542 689 583 Siciliam
716 544 988 582 transnatasse
1001 541 1236 592 italiamque
1259 543 1313 583 ab
1338 552 1387 583 eo
1404 541 1639 584 nominatam

249 626 336 655 esse
372 626 421 654 ex
464 615 667 655 Hellanico
704 616 831 664 petita
868 625 956 654 esse
992 620 1168 664 apparet.
1229 615 1343 663 Quod
1379 616 1639 666 etymologiae

250 687 426 727 studium
452 687 617 726 multum
654 687 824 728 valuisse
852 687 1019 728 diximus
1045 688 1087 726 in
1114 686 1257 727 fabulis
1289 687 1393 727 natis
1419 689 1637 738 auctisque,

249 760 460 799 admodum
486 760 738 809 perspicuum
765 762 827 798 est
852 758 992 808 Rhegii
1012 759 1173 800 nomine
1198 760 1249 800 ab
1274 759 1572 815 α’ποῤῥηγνύναι
1599 765 1640 800 et

252 832 394 873 Italiae
421 844 446 873 a
479 832 600 874 vitalo
634 831 874 883 Tyrrhenico
909 831 1064 873 iuvenci
1101 832 1255 873 nomine
1288 832 1418 874 ducto.
1471 831 1639 884 Erycem

248 905 476 956 Elymorum
503 917 637 955 regem
663 905 823 946 Herculi
857 905 995 945 bovem
1030 905 1241 946 abstulisse
1267 906 1373 955 apud
1399 907 1552 955 priores
1576 906 1637 946 fa·

248 977 363 1018 bulae
390 981 572 1019 auctores
599 989 677 1035 non
698 979 855 1028 legitur.
886 978 1050 1020 Videtur
1076 978 1208 1019 fabula
1233 990 1280 1019 eo
1299 981 1393 1019 nata
1418 988 1506 1019 esse
1532 977 1638 1028 quod

246 1051 287 1090 in
314 1051 442 1102 Eryce
468 1055 600 1092 monte
627 1051 896 1102 antiquissima
914 1051 1150 1092 Phoenicum
1174 1051 1326 1092 colonia
1344 1054 1440 1102 erat,
1460 1061 1638 1102 quaeque
1717 1062 1719 1065 ·

247 1125 295 1166 de
325 1137 459 1166 eorum
488 1126 709 1166 Melkartho
736 1125 1010 1176 tradebantur,
1039 1136 1126 1166 cum
1143 1125 1325 1165 Herculis
1352 1127 1392 1166 in
1418 1126 1636 1176 Geryonem

247 1199 389 1239 itinere
417 1199 623 1239 coniuncta
649 1203 752 1238 sunt.
806 1199 983 1238 Eandem
1010 1198 1059 1239 ob
1088 1209 1266 1238 caussam
1293 1198 1484 1238 Hercules
1511 1208 1636 1248 usque

245 1273 296 1313 ad
336 1272 635 1322 Hellespontum
674 1275 717 1311 et
757 1272 1004 1322 Strymonem
1044 1271 1242 1321 profectus
1292 1283 1380 1313 esse
1418 1270 1634 1320 videbatur,

244 1356 385 1395 nempe
412 1349 469 1393 ut,
490 1356 591 1394 quae
617 1345 658 1383 in
685 1345 763 1384 illis
789 1345 885 1385 locis
904 1355 966 1385 res
994 1344 1044 1383 ab
1070 1344 1241 1384 Hercule
1268 1346 1405 1393 gestae
1423 1343 1634 1384 credeban-

244 1423 322 1467 tur,
341 1417 484 1459 fabulis
511 1418 560 1458 de
579 1418 719 1458 itinere
737 1417 788 1457 ad
806 1417 1027 1467 Geryonem
1044 1417 1149 1457 facto
1167 1419 1448 1457 insererentur.
1475 1416 1633 1465 Apollo-

244 1491 330 1530 dori
357 1492 406 1530 de
426 1490 710 1540 Hesperidibus
738 1490 1002 1530 narrationem
1029 1491 1168 1530 sicum
1195 1490 1244 1528 iis
1272 1500 1373 1539 quae
1391 1488 1633 1539 Pherecydes

243 1564 293 1604 de
330 1563 461 1603 allatis
498 1564 625 1614 pomis
661 1563 842 1614 tradidit,
877 1563 1130 1613 conferimus,
1165 1563 1271 1604 haud
1302 1574 1430 1613 pauca
1460 1562 1564 1604 inter
1590 1573 1633 1603 se

243 1639 464 1689 pugnantia
498 1636 763 1676 inveniuntur.
816 1636 927 1676 Licet
961 1640 1128 1686 uterque
1162 1636 1419 1684 Hesperidum
1452 1647 1568 1685 poma
1594 1636 1634 1674 in

244 1702 415 1752 Atlantis
441 1710 641 1752 vicinitate
667 1710 790 1750 fuisse
816 1713 1021 1758 memoret,
1049 1709 1287 1759 Hesperides
1323 1720 1401 1748 una
1428 1718 1515 1748 cum
1542 1708 1632 1749 dra-

244 1795 338 1825 cone
364 1794 570 1834 pomorum
596 1782 778 1824 custodes
806 1781 901 1821 facit
926 1780 1200 1830 Apollodorus,
1227 1784 1365 1820 contra
1387 1779 1632 1829 Pherecydes

243 1858 412 1910 primum
438 1856 609 1899 Atlantis
637 1854 804 1906 filiabus,
835 1854 976 1896 deinde
1009 1865 1124 1906 vero,
1161 1864 1280 1905 quum
1307 1853 1357 1894 ab
1384 1853 1482 1904 ipsis
1509 1852 1631 1896 surri-

242 1935 452 1983 perentur,
488 1930 649 1971 draconi
690 1941 737 1969 ea
770 1930 978 1969 commissa
1008 1939 1095 1969 esse
1130 1928 1263 1968 refert.
1317 1927 1376 1968 Ne
1410 1928 1458 1967 de
1492 1929 1631 1970 itinere

245 2006 404 2057 quidem
429 2005 688 2047 consentiunt.
743 2003 870 2052 Quum
897 2003 1159 2053 Apollodorus
1193 2001 1399 2044 Herculem
1434 2001 1568 2043 tradat
1592 2001 1632 2042 in

243 2077 515 2121 Macedoniam
541 2078 760 2130 profectum
786 2088 873 2117 cum
891 2076 1024 2128 Cycno
1051 2080 1093 2117 et
1109 2075 1238 2117 Marte
1255 2085 1465 2126 pugnasse,
1492 2074 1631 2117 deinde

243 2162 317 2204 per
342 2153 567 2204 Illyriorum
584 2152 682 2192 fines
709 2152 864 2191 venisse
890 2151 942 2190 ad
959 2149 1102 2191 flumen
1119 2149 1334 2189 Eridanum
1360 2148 1630 2199 etNymphas,

242 2226 292 2266 ab
319 2227 380 2266 his
408 2227 459 2266 ad
476 2226 658 2275 Nereum,
686 2224 778 2263 inde
795 2224 836 2263 in
854 2222 1019 2272 Libyam
1044 2223 1277 2272 pervenisse.
1297 2225 1341 2261 et
1365 2233 1452 2262 cum
1480 2224 1630 2262 Antaeo

242 2296 432 2341 luctatum
461 2310 560 2349 esse,
597 2298 841 2348 Pherecydes
874 2307 963 2336 eum
998 2297 1131 2337 statim
1158 2294 1358 2346 Nymphas
1392 2295 1546 2336 adiisse-
1568 2297 1629 2335 at-

243 2382 320 2425 que
347 2374 457 2424 prius
484 2372 535 2412 ad
562 2372 791 2412 Tartessum
818 2371 972 2411 venisse
1000 2380 1117 2420 quam
1141 2370 1186 2408 in
1211 2369 1372 2419 Libyam
1400 2369 1529 2408 refert.
1570 2368 1629 2408 De

241 2447 360 2489 rebus
387 2447 428 2487 in
455 2446 581 2497 Libya
607 2449 726 2496 atque
753 2445 793 2484 in
811 2445 990 2496 Aegypto
1009 2444 1134 2494 gestis
1153 2443 1412 2483 consentiunt.
1468 2440 1626 2492 Apollo-

242 2520 362 2566 dorus
395 2524 544 2575 narrat,
571 2518 782 2561 Herculem
823 2519 919 2559 Asia
944 2520 1157 2568 peragrata
1202 2515 1463 2567 Thermydras
1502 2514 1630 2556 Rhodi
