1818 2765
226 96 278 138 12

226 201 379 241 siodum
406 203 457 243 de
485 204 617 243 aureis
648 203 760 243 malis
788 208 829 244 et
856 203 1049 255 Geryonis
1076 204 1203 244 bubus
1229 205 1372 245 famam
1398 215 1423 244 a
1448 197 1616 245 Phoeni-

226 274 338 315 cibus
364 276 562 328 accepisse
589 276 838 317 contendunt.
885 278 1066 318 Attamen
1093 277 1187 328 quin
1213 281 1418 327 utramque
1445 276 1616 317 fabulam

226 348 420 397 quomodo
448 359 516 388 eas
535 348 731 389 Hesiodus
758 349 933 398 tradidit,
961 362 1054 390 vere
1074 350 1263 391 Graecam
1282 353 1501 391 statuamus
1522 350 1616 400 quid

226 420 383 461 obstat?
409 421 575 461 Nomina
593 419 764 472 Geryon,
792 425 862 462 aut
880 422 1061 472 Orthru8‚
1089 427 1160 463 aut
1176 424 1369 474 Eurytion
1396 428 1466 465 aut
1491 423 1615 475 Chr-y-

226 505 326 544 saor,
354 498 425 536 aut
451 494 664 545 Calirrhoe,
693 497 764 534 aut
789 495 957 545 Erythia
988 507 1082 536 num
1118 497 1337 547 alienigena
1363 508 1450 537 esse
1477 498 1614 537 videu-

225 568 318 606 tur?
370 568 475 607 Num
500 568 766 617 Hesperides?
818 569 956 617 Neque
983 569 1023 607 iu
1050 569 1169 608 rebus
1202 570 1395 618 enarratis
1422 581 1548 620 neque
1574 571 1615 609 in

224 640 443 698 nominibus
472 640 592 680 ullum
620 643 778 681 exterae
814 640 975 690 originis
1003 641 1211 691 vestigium
1239 641 1520 691 deprehendas.
1548 642 1613 683 Pi-

224 714 409 752 sandrum
437 717 569 754 autem
605 725 704 763 quae
740 713 902 753 tradidit
938 714 987 752 de
1015 713 1118 753 Solis
1151 713 1301 763 phiala,
1330 714 1380 754 ab
1408 715 1613 765 Aegyptiis

223 789 443 826 mutuatum
472 797 572 833 esse,
599 786 777 837 Heynius
811 790 917 828 recte
944 785 1037 827 mihi
1065 786 1287 836 suspicatus
1322 798 1409 828 esse
1444 783 1612 828 ridetur.

222 859 322 898 Nam
349 859 388 898 in
407 859 646 899 Graecorum
675 859 955 909 antiquissimis
974 858 1209 900 carminibus
1230 859 1298 899 Sol
1319 860 1522 910 quadriga,
1537 871 1615 900 non

223 931 380 981 navigio
408 943 502 972 usus
531 942 618 972 esse
645 931 783 972 fertur.

350 1003 621 1044 Stesichorum
657 1005 812 1054 quidem
848 1004 1099 1045 Himeraeum
1127 1016 1246 1055 quum
1272 1005 1313 1044 in
1341 1004 1473 1045 Sicilia
1500 1007 1615 1044 natus

223 1080 330 1116 esset
347 1062 464 1127 quam
486 1078 528 1117 in
550 1077 716 1117 insulam
735 1078 813 1117 iam
836 1077 987 1126 pridem
1012 1075 1250 1126 Phoenicum
1269 1077 1442 1117 colonias
1469 1077 1614 1117 deduc·

223 1153 285 1190 tas
318 1161 406 1189 esse
434 1152 605 1199 constat,
643 1151 766 1190 multa
781 1206 785 1208 ἡ
799 1162 824 1190 a
860 1150 979 1200 Tyrio
1014 1150 1236 1191 Melkartho
1268 1153 1490 1191 mutuatum
1526 1161 1614 1190 esse

222 1222 334 1263 facile
362 1223 611 1264 concedatur.
639 1224 691 1263 At
718 1224 751 1263 si
774 1223 961 1273 Vogelius
990 1224 1203 1271 contendit,
1231 1223 1422 1273 Geryonis
1450 1235 1518 1263 sex
1544 1233 1613 1273 pe-

221 1297 292 1335 des
320 1307 466 1345 sexque
492 1307 630 1336 manus
657 1295 952 1336 aPhoenicibus
982 1296 1167 1336 confictas
1196 1307 1295 1343 esse,
1324 1296 1467 1345 quibus
1490 1296 1614 1335 Grae-

222 1380 289 1409 cos
316 1368 492 1419 aliosque
519 1369 685 1418 populos
714 1369 981 1419 deterrerent,
1011 1370 1217 1420 quominus
1244 1369 1477 1419 Hispaniam
1503 1369 1614 1409 bonis

222 1442 376 1482 abunde
393 1442 581 1492 repletam
601 1443 671 1482 sed
698 1443 882 1483 monstris
909 1442 1145 1482 horrendam
1167 1427 1473 1492 frequentarent,
1490 1442 1613 1482 Phoe-

220 1517 349 1557 nicum
381 1517 486 1566 apud
516 1515 780 1556 Stesichorum
809 1516 1082 1560 austoritatem
1110 1516 1234 1565 pluris
1262 1516 1492 1556 aestimasse
1518 1515 1613 1555 mihi

221 1588 379 1628 videtur
406 1600 521 1638 quam
549 1588 728 1629 debebat.
765 1576 862 1627 Mihi
889 1589 1046 1637 quidem
1074 1600 1122 1627 ea
1149 1587 1341 1638 Geryonis
1369 1591 1609 1637 ornamenta,

221 1672 341 1711 quum
372 1661 451 1701 iam
484 1660 680 1701 Hesiodus
717 1659 936 1711 Geryonem
970 1660 1180 1710 tricipitem
1217 1671 1303 1701 esse
1330 1663 1544 1710 narrasset,
1573 1661 1614 1700 in

219 1734 342 1784 ipsius
380 1733 595 1774 Stesichori
632 1736 761 1774 mente
787 1737 882 1774 nata
909 1745 997 1773 esse
1029 1734 1224 1782 videntur,
1258 1744 1336 1783 quo
1372 1736 1612 1782 reportatam

220 1807 402 1847 Herculis
431 1818 479 1846 ex
516 1818 563 1847 eo
590 1806 790 1848 victoriam
823 1806 1102 1847 mirabiliorem
1130 1810 1171 1848 et
1196 1806 1400 1848 clariorem
1427 1806 1613 1856 depinge-

220 1883 295 1920 ret.
351 1881 526 1921 Tartessi
553 1891 648 1919 vero
680 1879 850 1920 fluminis
885 1879 1119 1919 mentionem
1156 1879 1298 1920 factam
1326 1880 1419 1929 quin
1447 1879 1613 1919 Phoeni-

220 1952 331 1993 cibus
364 1953 562 2002 debuerit,
605 1964 684 1993 non
715 1956 778 1994 est
811 1952 983 1993 dubium.
1038 1953 1251 1993 Pindarum
1285 1953 1441 2002 quidem
1474 1964 1614 1993 novam

220 2039 351 2068 rerum
387 2027 568 2067 Herculis
607 2027 901 2067 tractandarum
943 2027 1132 2067 rationem
1170 2038 1248 2066 non
1286 2027 1419 2067 iniisse
1453 2027 1614 2075 eiusque

219 2101 429 2151 imaginem
462 2099 608 2150 partim
641 2111 665 2139 a
701 2099 997 2140 recentioribus*
1019 2099 1221 2140 Pisandro·
1239 2102 1358 2150 atque
1388 2098 1612 2140 Stesichoro

219 2176 365 2224 partim
398 2174 448 2213 ab
476 2173 649 2214 Homero
677 2173 928 2223 Hesiodoque
961 2174 1149 2222 petivisse
1184 2185 1231 2214 ex
1267 2174 1316 2213 iis
1350 2173 1446 2213 locis
1475 2172 1615 2222 quibus

219 2250 289 2286 aut
315 2247 509 2298 Geryonis
537 2249 607 2286 aut
639 2246 904 2296 Hesperidum
935 2248 1170 2286 mentionem
1197 2246 1307 2294 fecit,
1336 2245 1516 2295 cognosci
1544 2256 1615 2295 po-

218 2324 309 2361 test.
341 2320 417 2361 Sed
444 2320 542 2361 illud
569 2320 655 2360 dari
688 2320 923 2370 concedique
950 2323 1082 2369 potest
1109 2331 1155 2359 ac
1182 2319 1300 2359 debet
1328 2330 1415 2360 eum
1443 2319 1614 2359 omnium

219 2394 385 2434 maxime
422 2397 559 2434 extera
592 2404 681 2433 cum
714 2393 942 2432 domesticis
978 2393 1224 2433 contexuisse
1252 2396 1293 2432 et
1320 2403 1397 2431 una
1424 2403 1511 2432 cum
1539 2391 1614 2431 Pa-

218 2466 380 2517 nyaside
434 2466 614 2507 latiorem
662 2465 772 2506 illum
820 2465 1040 2506 fabularum
1091 2465 1225 2506 orbem
1279 2466 1345 2516 qui
1397 2465 1615 2515 posteriore

218 2544 396 2591 tempore
424 2540 555 2589 fuerit,
584 2540 835 2581 constituisse
862 2550 908 2580 ac
937 2539 1183 2580 stabilivisse.
1221 2539 1322 2580 Illud
1350 2550 1426 2578 non
1454 2539 1615 2579 dubium
