1818 2765
190 205 295 244 sunt
326 199 444 243 inter
474 215 523 244 se
564 200 795 244 contulero
838 199 1060 260 simulque
1100 215 1155 245 ea
1192 199 1414 256 adiecero,
1448 214 1576 260 quae,

190 282 587 342 quantulacunque
607 288 722 339 sunt,
739 297 860 328 nova
881 282 1106 328 invenisse
1126 282 1238 327 mihi
1259 282 1429 330 videor.
1454 280 1576 327 Nam

191 382 330 427 quum
361 365 680 411 Mommsenius
719 365 847 411 Ro‘m.
880 365 1045 411 Gesch.
1077 365 1114 413 I.
1157 382 1202 426 p·
1236 367 1277 410 9.
1317 365 1456 423 dicat,
1498 381 1575 411 ne-

190 449 341 510 glecta
384 448 643 494 fabularum
683 449 834 494 inutili
876 449 1104 510 farragine
1134 449 1279 494 solam
1312 465 1576 510 comparan-

190 533 348 578 darum
396 533 652 594 linguarum
697 540 840 578 artem
890 531 1193 578 adhibendam
1242 549 1338 578 esse
1378 533 1426 578 in
1474 550 1575 595 per-

187 616 465 677 vestigandis
497 616 564 674 iis,
599 632 715 678 quae
736 616 795 662 ab
817 616 1013 677 antiquis
1036 617 1219 677 populis
1240 623 1369 677 gesta
1390 623 1575 678 propter

187 706 441 760 temporum
471 706 739 745 vetustatem
771 706 891 745 certa
921 700 1135 745 historiae
1166 691 1256 745 fide
1285 710 1379 745 non
1399 705 1576 747 ‘Semta

186 790 301 841 sunt,
334 783 513 829 fablssas
542 799 704 844 parum
735 783 848 829 mihi
880 783 1137 829 aestimasse
1168 783 1357 833 videtur.
1388 783 1442 830 In
1457 782 1573 830 Her-

186 866 298 912 culis
332 867 452 912 enim
483 866 650 912 fabulis
683 874 777 912 tam
808 868 957 912 varias
990 867 1241 913 reconditas
1274 879 1373 931 esse
1400 874 1575 914 constat

185 950 421 997 historicas
453 951 648 996 rationes
680 958 731 997 ut
763 958 980 1012 appareat
1013 951 1266 1013 explanatis
1287 951 1343 997 iis
1358 968 1574 1013 magnum

184 1034 225 1079 ei
259 1034 489 1080 doctrinae
528 1035 834 1081 adiumentum
866 1035 1030 1092 afferri,
1071 1045 1187 1095 quae
1218 1036 1267 1080 in
1297 1027 1572 1096 investigan-

184 1117 253 1163 dis
285 1125 486 1163 veterum
518 1118 793 1179 populorum
825 1119 1077 1185 originibus
1110 1134 1164 1164 ac
1185 1119 1443 1180 primordiis
1474 1134 1572 1165 ver—

183 1210 318 1246 satur.
384 1201 512 1257 Quae
554 1202 737 1263 quidem
779 1218 850 1248 res
892 1219 982 1264 quo
1025 1203 1172 1263 magis
1214 1202 1262 1247 in
1303 1210 1461 1264 aperto
1505 1203 1573 1261 sit,

181 1285 337 1344 paullo
388 1286 600 1329 attentius
650 1301 703 1330 ea
750 1285 986 1330 tractanda
1035 1302 1130 1330 esse
1177 1292 1288 1345 puto
1333 1301 1448 1346 quae
1495 1303 1572 1331 ve—

181 1374 295 1412 teres
338 1367 578 1428 scriptores
617 1367 674 1413 de
715 1368 925 1413 Herculis
981 1368 1149 1420 fabulis
1200 1368 1443 1414 memoriae
1483 1375 1572 1414 tra-

180 1451 386 1509 diderint,
428 1458 479 1495 ut
520 1459 759 1512 appareat,
803 1452 913 1513 quid
955 1452 1013 1497 sit
1051 1453 1298 1512 genuinum
1330 1452 1574 1513 nativaque

180 1535 377 1597 quadam
410 1541 454 1580 et
485 1534 588 1581 rudi
619 1545 689 1581 res
722 1535 1034 1581 considerandi
1067 1535 1241 1581 ratione
1270 1542 1430 1594 ortum,
1464 1536 1573 1598 quid

180 1619 239 1664 sit
269 1619 380 1664 foris
412 1618 614 1665 adlatum
646 1626 690 1664 et
720 1627 844 1664 mera
875 1626 1111 1680 poetarum
1145 1620 1366 1668 confictio,
1415 1619 1574 1681 Itaque

180 1703 270 1747 hoo
302 1703 386 1747 erit
417 1710 768 1763 argumentum,
799 1709 849 1747 ut
886 1702 1104 1763 primum,
1145 1710 1261 1762 quae
1293 1702 1573 1748 Graecorum

180 1786 419 1848 scriptores
451 1786 557 1832 inde
589 1786 648 1832 ab
675 1786 876 1832 Homero
909 1801 1052 1847 usque
1083 1786 1142 1831 ad
1163 1785 1497 1847 Apollodorum
1518 1786 1575 1833 de

179 1870 351 1915 abactis
385 1869 612 1930 Geryonis
646 1869 794 1915 bubus
827 1878 871 1914 et
903 1870 1206 1930 Hesperidum
1238 1870 1370 1915 malis
1408 1870 1573 1916 ablatis

179 1953 468 2011 tradiderint,
510 1953 778 2011 afferantur,
819 1953 981 1999 deinde
1022 1953 1220 2015 genuina
1251 1960 1294 1999 et
1325 1954 1481 1999 nativa
1512 1954 1571 2000 ab

178 2037 377 2083 advectis
421 2045 465 2082 et
503 2037 619 2083 fictis
653 2043 953 2094 secernantur,
988 2037 1183 2097 denique
1215 2037 1413 2082 breviter
1444 2047 1572 2083 enar-

178 2121 287 2166 ratis·
318 2121 374 2166 iis
406 2136 524 2181 quae
554 2120 603 2165 in
635 2119 917 2181 explicandis
949 2119 1117 2165 fabulis
1160 2110 1247 2164 viri
1280 2119 1401 2165 docti
1419 2119 1573 2165 'elabo-

178 2209 403 2261 raverunt,
447 2219 564 2264 quae
613 2204 662 2248 in
706 2202 1008 2263 explanandis
1051 2202 1219 2247 fabulis
1263 2203 1418 2263 opinio
1461 2203 1574 2248 mihi

178 2287 372 2348 probata
404 2287 473 2344 sit,
508 2292 774 2347 exponatur.
808 2286 898 2332 Sed
919 2302 977 2330 ne
1009 2285 1216 2346 pluribus
1237 2286 1350 2330 locis
1371 2286 1573 2332 virorum

178 2370 415 2416 doctorum
457 2369 566 2416 libri
598 2369 712 2415 mihi
746 2369 916 2415 citandi
947 2369 1048 2427 sint,
1098 2372 1254 2430 paucis
1280 2374 1400 2431 'quos
1431 2369 1573 2415 libros

180 2454 480 2499 consulendos
513 2466 610 2498 esse
640 2453 811 2514 putavi,
843 2453 921 2498 hic
952 2454 1151 2501 afferam.
1186 2453 1300 2498 Sunt
1334 2460 1485 2498 autem
1500 2453 1572 2497 hi:

306 2538 479 2599 Heynii
515 2537 853 2583 observationes
887 2537 1067 2583 criticae
1100 2537 1160 2583 ad
1192 2536 1535 2598 Apollodorum.
