1818 2765
221 100 275 141 26

221 205 425 246 Graeciam
452 208 619 257 venisse,
647 209 732 248 eius
759 209 818 248 rei
844 210 951 248 certa
977 207 1144 258 vestigia
1169 208 1209 247 iu
1237 207 1427 258 Geryonis
1455 219 1609 248 armen-

222 280 274 319 tis
302 284 343 319 et
374 280 638 330 Hesperidum
676 280 790 320 malis
827 280 1065 330 deprehendi
1100 284 1141 321 et
1173 292 1222 321 ex
1252 281 1421 322 Hercule
1455 280 1609 330 Thasio,

220 353 341 394 Idaeo
368 354 513 403 Digito,
542 365 734 403 apparere
760 354 929 393 Baurius
956 354 1167 394 contendit.
1213 354 1426 395 Herculem·
1448 354 1609 394 Idaeum

223 425 397 477 Digitum
422 425 537 466 facile
563 426 819 475 concesserim
847 425 1105 466 Phoenicibus
1133 427 1280 477 deberi,
1308 438 1437 477 quum-
1455 425 1610 466 Thasus

221 511 295 549 per
318 500 475 550 longum
502 503 655 549 tempus
683 499 732 538 ab
760 510 895 540 eorum
923 500 1069 539 colonis
1101 501 1279 541 habitata
1306 500 1434 541 fuerit.
1462 501 1608 541 Herod.

220 572 268 623 Π,
295 572 359 611 44.
393 555 613 612 Ηθτοιιὶθῐιῖ
630 583 725 612 vero
752 572 942 611 adversus
971 572 1189 623 Geryonem
1218 579 1259 613 et
1285 573 1335 612 ad
1361 573 1610 623 apportanda

218 647 477 696 Hesperidum
506 647 608 686 mala
633 645 851 695 profectum
880 647 984 695 apud
1012 646 1182 687 Graecos
1209 651 1344 686 natum
1372 658 1459 688 esse
1486 658 1607 697 quum

220 730 268 759 ex
294 720 398 767 aliis,
439 722 523 758 tum
550 730 599 758 ex
631 717 718 769 ipsa
744 718 895 769 fabula,
932 722 1038 759 certe
1073 722 1118 758 ut
1143 718 1195 758 ab
1220 718 1393 759 Hesiodo
1422 719 1608 767 traditur,

219 794 470 841 perspicuum
510 796 582 831 est.
637 792 744 831 Nihil
776 803 854 831 non
890 793 1107 841 genuinum<
1134 795 1203 831 aut
1229 804 1321 832 vere
1349 792 1540 832 Graecum
1566 794 1607 832 in

221 876 268 904 ea
295 865 576 915 deprehendas,
605 876 684 915 qua
711 864 760 904 de
787 876 831 904 re
858 866 984 915 capite
1012 851 1183 905 secundo
1211 864 1389 905 diximus.
1437 866 1513 906 Sed
1541 876 1607 906 ac-

221 939 364 978 cedunt
390 940 488 988 alia,
517 939 658 988 quibus
694 942 737 977 ut
764 950 833 978 eas
858 937 1011 978 fabulas
1038 949 1125 978 esse
1153 938 1392 979 Graecorum
1428 939 1608 988 proprias

221 1013 437 1053 existimem
464 1012 649 1051 adducar.
680 1012 781 1060 Quid
809 1014 842 1051 si
870 1012 1076 1061 utriusque
1102 1012 1258 1052 fabulae
1286 1012 1451 1061 vestigia
1478 1013 1517 1052 in
1544 1012 1608 1052 In-

221 1085 360 1125 dorum
396 1085 540 1126 litteris
577 1085 948 1134 deprehendantur?
981 1085 1236 1124 Mommsenio
1265 1084 1392 1134 (Rom.
1421 1084 1607 1133 Gesch.1‚

220 1169 309 1207 pag.
331 1156 398 1207 18)
427 1157 540 1196 facile
568 1159 799 1206 adstipulor‚
830 1169 950 1206 quum·
967 1157 1123 1197 fabulae
1150 1157 1200 1196 de
1233 1158 1335 1197 Solis
1363 1157 1488 1197 bubus
1516 1157 1609 1197 aba·

220 1230 292 1269 ctis
322 1231 511 1280 originem
540 1229 769 1279 praebuisse
798 1232 956 1270 censeat
981 1230 1156 1269 Indicam
1190 1229 1295 1269 illam
1323 1229 1372 1268 de
1398 1231 1489 1270 diva
1515 1241 1609 1269 cane

220 1305 383 1343 Samara
410 1315 512 1353 quae
540 1304 638 1343 coeli
656 1304 813 1343 domino
831 1314 993 1343 aureum
1021 1302 1221 1342 stellarum
1240 1306 1280 1342 et
1298 1302 1392 1341 solis
1412 1302 1608 1341 radiorum

218 1387 377 1426 gregem
405 1376 602 1416 custodiat
628 1379 747 1424 atque
774 1376 904 1415 nubes
931 1375 1027 1416 coeli
1059 1386 1195 1416 vaccas
1224 1375 1453 1425 mulgendas
1480 1378 1608 1425 cogat.

217 1450 269 1489 Et
300 1448 476 1499 profecto
511 1452 622 1489 tanta
653 1450 693 1488 in
727 1452 896 1498 utraque
936 1448 1070 1489 fabula
1101 1448 1313 1488 similitudo
1340 1451 1522 1499 apparet,
1551 1453 1607 1498 ut,

216 1522 309 1571 quin
338 1522 387 1561 ab
415 1523 552 1561 eadem
579 1521 728 1571 origine
746 1521 946 1561 ducendae
975 1522 1064 1569 sint,
1089 1523 1155 1560 vix
1172 1533 1407 1572 quemquam
1425 1521 1606 1561 dubitare

216 1596 445 1634 existimem.
501 1594 590 1633 Jam
618 1605 711 1633 vero
745 1598 893 1643 quanto
926 1594 1051 1633 satius
1087 1597 1149 1635 est
1174 1598 1315 1644 putare
1342 1606 1367 1633 a
1393 1595 1608 1634 communi-

215 1668 289 1708 bus
316 1668 419 1708 illius
455 1668 600 1717 gentis,
644 1679 759 1717 quam
794 1667 1153 1717 Indogermanicam
1189 1668 1405 1717 appellant,
1447 1667 1605 1708 sedibus

216 1742 386 1781 Graecos
414 1741 519 1779 illam
541 1740 711 1780 fabulam
740 1751 872 1779 secum
899 1740 1108 1780 abduxisse
1136 1744 1255 1790 atque
1275 1741 1452 1790 quamvis
1479 1743 1607 1780 muta-

216 1818 295 1854 tam
323 1818 442 1864 atque
461 1814 735 1854 additamentis
755 1816 909 1854 auctam
937 1824 1201 1862 conservasse,
1222 1825 1338 1863 quam
1365 1814 1509 1854 exteris
1536 1825 1606 1854 na-

216 1887 388 1928 tionibus
417 1891 458 1927 et
484 1887 563 1927 illis
591 1887 818 1937 alienigenis
839 1886 984 1927 debere
1005 1887 1109 1937 quod
1137 1897 1286 1926 summo
1303 1887 1388 1928 iure
1415 1887 1489 1928 sibi
1515 1899 1607 1938 pro-

214 1961 343 2011 prium
370 1972 458 2001 esse
484 1961 692 2001 vindicent.
725 1960 862 2000 Nonne
889 1960 929 1999 in
956 1960 1101 2000 nostris
1129 1971 1285 2010 quoque
1313 1959 1528 2001 Germanis·
1544 1960 1604 2000 fa-

215 2035 317 2075 bulis
352 2037 446 2075 luna
486 2046 573 2076 cum
609 2037 793 2084 pastore,
831 2034 967 2075 stellae
1001 2045 1088 2073 cum
1123 2033 1260 2074 ovibus
1302 2034 1607 2084 comparantur?

215 2109 399 2149 Forsitan
427 2109 515 2159 quis
542 2108 695 2158 dixerit,
724 2109 773 2147 de
794 2107 895 2147 Solis
923 2108 1107 2147 armentis
1122 2106 1234 2147 facile
1249 2108 1521 2155 concesserim,
1537 2107 1606 2147 sed

214 2183 345 2233 agitur
371 2183 420 2222 de
447 2181 656 2231 Geryonis,
684 2192 761 2221 non
791 2180 892 2220 Solis
920 2181 1059 2221 bubus.
1116 2180 1192 2221 Sed
1212 2180 1314 2221 Solis
1342 2184 1383 2220 et
1409 2180 1604 2230 Geryonis

215 2255 334 2295 boves
362 2256 439 2294 iam
467 2267 491 2294 a
518 2254 686 2303 Panyasi
713 2254 872 2293 eosdem
890 2253 1059 2302 'putatos
1088 2264 1175 2293 esse
1203 2253 1383 2293 diximus.
1420 2253 1501 2293 Nec
1527 2264 1606 2293 non

217 2327 480 2378 Apollodorus
517 2327 757 2378 Alcyoneum
793 2327 999 2376 Gigantem
1034 2326 1101 2377 qui
1139 2325 1241 2366 Solis
1282 2326 1401 2366 boves
1439 2326 1606 2377 Erythia

215 2401 463 2450 abduxisset,
497 2400 546 2441 ab
580 2401 751 2442 Hercule
792 2400 948 2451 sagittis
984 2399 1213 2440 transfixum
1251 2410 1338 2439 esse
1371 2399 1545 2440 tradidit.
1572 2400 1603 2450 I,

215 2478 251 2525 6,
279 2477 342 2516 20.
397 2476 521 2523 Quam
548 2474 718 2516 fabulam
752 2476 945 2515 variatam
977 2474 1026 2514 de
1054 2474 1244 2525 Geryonis
1280 2473 1406 2513 bubus
1434 2472 1605 2514 fabulam

216 2560 303 2589 esse
329 2549 537 2588 admodum
564 2548 815 2598 perspicuum
838 2548 964 2588 videri
991 2550 1100 2596 puto.
