1818 2765
1541 72 1570 114 ὃ

187 176 249 216 ad·
265 174 436 216 Busirim
452 174 632 224 *Neptuni
660 172 782 215 filium
808 174 927 223 venit,
949 185 1069 225 vquem
1092 174 1309 223 interfecit,
1335 175 1431 216 item
1446 176 1568 217 filium

174 239 270 290 ‘eius
294 247 604 298 Iphidamantem
631 250 673 287 et
699 247 871 288 Chalben
897 258 1129 297 praeconem
1156 250 1197 287 et
1220 259 1351 288 rerum
1368 260 1569 289 sacrarum

186 320 353 362 famulos
369 319 438 360 »αεὶ
458 321 573 360 {evis
605 331 732 368 aram,
772 319 843 359 ‘ubi
883 320 1058 370 hospites
1094 319 1335 369 mactabant,
1368 323 1565 363 exstinxit.

187 395 281 435 Post
299 393 420 435 haec
437 393 589 435 Thelias
623 392 730 434 venit
761 396 803 433 et
833 403 904 443 per
930 395 1080 433 montes
1107 392 1307 443 profectus
1333 393 1374 433 in
1403 393 1566 445 Libyam

184 467 416 506 exteriorem
438 466 478 504 in
504 466 671 506 desertis
698 465 842 506 multas
867 466 1014 506 bestias
1041 476 1135 506 arcu
1154 465 1333 515 confecit,
1361 466 1569 517 Libyaque

185 539 258 580 hoc
289 539 405 579 medo
434 538 666 580 vacuefacta
698 540 748 580 ad
782 550 889 579 mare
923 538 1094 580 exterius
1126 539 1334 581 contendit.
1376 540 1521 591 ·Atque
1541 552 1572 580 a

189 611 281 652 Sole
308 616 631 653 nactusauream
663 612 832 662 phialam
866 622 991 663 eaque
1018 624 1090 663 per
1115 624 1221 653 mare
1248 615 1403 652 vastum
1430 616 1472 652 et
1498 624 1571 663 per

186 685 383 725 Oceanum
418 688 559 725 vectus
579 686 733 735 Pergen
765 686 804 725 in
832 686 926 727 Asia
951 697 1023 726 ora
1048 686 1166 727 sitam
1192 685 1357 736 appulit.
1403 686 1569 736 ,Iamque

185 758 236 797 ad
259 748 542 797 'Prometheum
579 760 745 798 accessit
786 762 827 797 et
866 759 916 797 ab
959 769 1006 798 eo
1045 763 1277 808 conspectus
1309 758 1570 809 precibusque

185 831 270 871 eius
296 829 482 881 fatigatus
510 830 681 881 aquilam
707 841 808 881 quae
834 831 966 871 miseri
992 831 1067 871 viri
1092 830 1201 872 iecur
1235 831 1471 879 devorabat,
1498 830 1568 871 ad-

185 905 392 944 volantem*
408 905 563 954 sagittis
590 905 795 953 percussit.
823 904 943 944 Cuius
970 904 1145 944 beneficii
1164 906 1294 954 gratia
1311 903 1567 945 Prometheus

187 977 224 1016 ei
251 988 299 1017 ne
325 978 411 1025 ipse
438 978 487 1016 ad
507 978 609 1016 mala
635 975 960 1025 proficisceretur,
988 977 1057 1017 sed
1077 976 1274 1018 Atlantem
1298 976 1438 1025 adiret,
1465 976 1569 1016 hunc

187 1051 287 1089 mala
330 1049 379 1089 ab
412 1049 694 1099 Hesperidibus
735 1048 875 1089 afferre
909 1050 1084 1097 iuberet,
1116 1050 1203 1099 ipse
1235 1050 1385 1089 coelum
1417 1049 1570 1089 interea

186 1120 410 1171 sustineret,
446 1123 581 1163 suasit.
636 1123 827 1163 Hercules
864 1134 982 1172 quum
1009 1124 1059 1162 ad
1087 1123 1284 1162 Atlantem
1312 1123 1497 1170 venisset,
1525 1125 1571 1162 ut

185 1198 435 1247 praeceptum
467 1198 554 1237 erat
584 1195 756 1236 laborem
789 1197 1014 1245 susceptum
1048 1205 1137 1234 eum
1169 1195 1328 1244 edocet,
1362 1195 1442 1235 tria
1467 1194 1570 1235 mala

186 1270 258 1309 sibi
286 1269 474 1318 deposcit.
523 1269 633 1309 Atlas
661 1269 768 1309 coelo
794 1268 978 1308 Herculis
1003 1267 1177 1315 humeris
1204 1270 1387 1317 imposito
1415 1268 1569 1318 Hespe-

185 1341 290 1383 rides
318 1342 402 1382 adit
429 1342 616 1392 malisque
642 1340 766 1391 captis
793 1341 844 1381 ad
863 1340 1072 1381 Herculem
1097 1352 1279 1382 reversus
1298 1329 1424 1381 semet
1441 1342 1569 1391 ipsum

184 1415 287 1454 mala
313 1416 363 1454 ad
382 1415 644 1465 Eurystheum
669 1415 913 1463 perlaturum
932 1411 1100 1454 affirmat
1119 1416 1218 1454 coeli
1238 1414 1380 1455 molem
1397 1418 1569 1454 recusat.

184 1487 372 1528 Hercules
406 1497 449 1526 se
484 1496 581 1526 onus
616 1489 882 1527 sustenturum
918 1485 1133 1536 pollicitus,
1160 1486 1298 1527 fraude
1326 1496 1442 1536 quam
1466 1487 1567 1526 'Pro-

184 1560 359 1600 metheus
392 1560 693 1607 ministraverat,
729 1572 751 1599 e
778 1560 1000 1600 discrimine
1031 1571 1074 1601 se
1101 1559 1309 1609 expedivit.
1363 1559 1569 1600 Persuasit

190 1632 291 1674 enim
318 1632 387 1682 illi,
414 1634 459 1672 ut
485 1633 636 1673 coelum
662 1632 865 1683 reciperet,
894 1631 1024 1683 quoad
1049 1635 1181 1673 torum
1207 1642 1327 1682 super
1352 1633 1471 1682 caput
1496 1630 1572 1672 sibi

186 1707 351 1746 fecisset.
382 1707 467 1754 Quo
494 1707 604 1745 Atlas
631 1708 832 1755 permotus
859 1706 1046 1755 depositis
1073 1706 1180 1744 humi
1206 1706 1319 1745 malis
1338 1707 1487 1745 coelum
1509 1716 1571 1744 re-

185 1778 299 1828 cepit.
327 1778 517 1819 Hereules
544 1778 657 1818 malis
682 1778 875 1827 susceptis
888 1779 1069 1828 Mycenas
1096 1777 1260 1818 revertit
1286 1779 1328 1817 et
1345 1776 1568 1828 Eurystheo

185 1851 287 1891 mala
313 1851 555 1891 monstravit.
585 1851 782 1890 Addamus
809 1851 995 1900 reliquias
1023 1850 1072 1890 ab
1089 1850 1350 1891 Eratosthene
1372 1850 1413 1890 in
1431 1853 1569 1890 catast.

183 1924 209 1963 3
235 1928 432 1965 servatas:
469 1924 598 1973 Quum
625 1924 722 1964 Iuno
755 1923 805 1963 ab
831 1924 924 1964 Iove
957 1923 999 1964 in
1031 1924 1319 1964 matrimonium
1347 1923 1569 1973 duceretur,

184 1996 258 2036 diis
286 2007 452 2046 sponsae
479 2008 640 2036 munera
672 1996 886 2037 ferentibus
915 1997 1078 2037 Terram
1109 2008 1231 2037 aurea
1262 1998 1364 2037 mala
1389 1996 1570 2036 attulisse

185 2080 285 2120 quae
312 2069 409 2110 luno
430 2069 638 2110 ‘admirata
677 2069 716 2110 in
758 2070 917 2109 deorum
953 2069 1069 2111 horto
1106 2069 1145 2110 in
1174 2069 1343 2111 Atlantis
1371 2069 1570 2110 vicinitate

184 2142 353 2192 plantari
380 2143 572 2183 iussisset.
620 2144 697 2184 Sed
724 2146 913 2184 malorum
940 2135 1068 2193 quum¹
1086 2144 1136 2182 ab
1163 2143 1333 2183 Atlantis
1361 2142 1450 2183 filiis
1477 2154 1570 2192 per-

185 2218 305 2267 petuo
333 2218 638 2267 surriperentur,
667 2217 869 2258 custodem
897 2227 921 2256 a
948 2217 1022 2256 dea
1047 2217 1240 2267 ingentem
1259 2206 1571 2257 draconem'esse

185 2290 452 2330 constitutum.
503 2291 782 2330 A‘Scholiasta
814 2291 865 2330 ad
890 2291 1020 2330 Germ.
1048 2291 1160 2330 Arat.
1188 2282 1333 2330 Phaen.
1361 2291 1415 2330 49
1440 2290 1570 2340 prob-

185 2365 327 2403 runtur
361 2362 473 2403 haec:
519 2363 633 2404 Hunc
675 2363 882 2405 draconem
918 2362 1162 2415 Pherecydes
1197 2363 1297 2403 dixit
1328 2364 1433 2403 inter
1463 2366 1573 2404 astra

186 2435 369 2476 collatum
395 2446 482 2475 esse
509 2436 694 2477 beneficio
720 2437 890 2487 Iunonis,
919 2438 1025 2487 quod
1050 2448 1169 2487 quum
1194 2437 1361 2476 nuberet
1385 2437 1469 2476 Iovi
1496 2437 1571 2477 diis

185 2508 436 2550 offerentibus
472 2520 634 2549 munera
670 2510 794 2551 Terra
829 2521 986 2561 quoque
1016 2510 1160 2551 obtulit
1194 2521 1316 2551 aurea
1348 2509 1451 2551 mala
1482 2521 1571 2551 cum
