<?xml version="1.0" encoding="UTF-8"?>
<!DOCTYPE html PUBLIC "-//W3C//DTD XHTML 1.0 Transitional//EN"
    "http://www.w3.org/TR/xhtml1/DTD/xhtml1-transitional.dtd">
<html xmlns="http://www.w3.org/1999/xhtml" xml:lang="en" lang="en">
 <head>
  <title>
</title>
<meta http-equiv="Content-Type" content="text/html;charset=utf-8" />
  <meta name='ocr-system' content='tesseract 3.04.00' />
  <meta name='ocr-capabilities' content='ocr_page ocr_carea ocr_par ocr_line ocrx_word'/>
</head>
<body>
  <div class='ocr_page' id='page_1' title='image "./4771422_0041.png"; bbox 0 0 1818 2765; ppageno 0'>
   <div class='ocr_carea' id='block_1_1' title="bbox 156 162 1547 2556">
    <p class='ocr_par' dir='ltr' id='par_1_1' title="bbox 164 162 1547 505">
     <span class='ocr_line' id='line_1_1' title="bbox 166 162 1547 214; baseline 0.001 -10"><span class='ocrx_word' id='word_1_1' title='bbox 166 166 273 204; x_wconf 73' lang='lat' dir='ltr'><strong>esset·</strong></span> <span class='ocrx_word' id='word_1_2' title='bbox 296 164 415 213; x_wconf 68' lang='lat' dir='ltr'><strong>atque</strong></span> <span class='ocrx_word' id='word_1_3' title='bbox 442 163 594 203; x_wconf 82' lang='lat' dir='ltr'><strong>strenui</strong></span> <span class='ocrx_word' id='word_1_4' title='bbox 619 162 695 202; x_wconf 83' lang='lat' dir='ltr'><strong>viri</strong></span> <span class='ocrx_word' id='word_1_5' title='bbox 713 162 952 213; x_wconf 79' lang='lat' dir='ltr'><strong>exemplum,</strong></span> <span class='ocrx_word' id='word_1_6' title='bbox 979 163 1046 214; x_wconf 87' lang='lat' dir='ltr'><strong>qui</strong></span> <span class='ocrx_word' id='word_1_7' title='bbox 1064 162 1288 213; x_wconf 74' lang='lat' dir='ltr'><strong>ingentibus</strong></span> <span class='ocrx_word' id='word_1_8' title='bbox 1305 163 1547 213; x_wconf 70' lang='lat' dir='ltr'><strong>perferendis</strong></span> 
     </span>
     <span class='ocr_line' id='line_1_2' title="bbox 164 234 1547 287; baseline 0.001 -9"><span class='ocrx_word' id='word_1_9' title='bbox 164 236 363 278; x_wconf 79' lang='lat' dir='ltr'><strong>laboribus</strong></span> <span class='ocrx_word' id='word_1_10' title='bbox 387 237 552 277; x_wconf 81' lang='lat' dir='ltr'><strong>deorum</strong></span> <span class='ocrx_word' id='word_1_11' title='bbox 579 234 693 277; x_wconf 86' lang='lat' dir='ltr'><strong>fieret</strong></span> <span class='ocrx_word' id='word_1_12' title='bbox 718 237 929 277; x_wconf 82' lang='lat' dir='ltr'><strong>convictor.</strong></span> <span class='ocrx_word' id='word_1_13' title='bbox 971 236 1049 277; x_wconf 88' lang='lat' dir='ltr'><strong>Sed</strong></span> <span class='ocrx_word' id='word_1_14' title='bbox 1074 249 1124 278; x_wconf 85' lang='lat' dir='ltr'><strong>ne</strong></span> <span class='ocrx_word' id='word_1_15' title='bbox 1150 236 1206 279; x_wconf 90' lang='lat' dir='ltr'><strong>sic</strong></span> <span class='ocrx_word' id='word_1_16' title='bbox 1233 236 1389 287; x_wconf 87' lang='lat' dir='ltr'><strong>quidem</strong></span> <span class='ocrx_word' id='word_1_17' title='bbox 1425 240 1547 279; x_wconf 79' lang='lat' dir='ltr'><strong>totam</strong></span> 
     </span>
     <span class='ocr_line' id='line_1_3' title="bbox 164 308 1546 359; baseline 0 -8"><span class='ocrx_word' id='word_1_18' title='bbox 164 309 346 351; x_wconf 86' lang='lat' dir='ltr'><strong>Herculis</strong></span> <span class='ocrx_word' id='word_1_19' title='bbox 379 308 600 349; x_wconf 77' lang='lat' dir='ltr'><strong>fabularum</strong></span> <span class='ocrx_word' id='word_1_20' title='bbox 634 308 954 358; x_wconf 83' lang='lat' dir='ltr'><strong>significationem</strong></span> <span class='ocrx_word' id='word_1_21' title='bbox 988 309 1082 349; x_wconf 83' lang='lat' dir='ltr'><strong>mihi</strong></span> <span class='ocrx_word' id='word_1_22' title='bbox 1116 309 1339 359; x_wconf 86' lang='lat' dir='ltr'><strong>complexus</strong></span> <span class='ocrx_word' id='word_1_23' title='bbox 1373 321 1461 350; x_wconf 85' lang='lat' dir='ltr'><strong>esse</strong></span> <span class='ocrx_word' id='word_1_24' title='bbox 1487 311 1546 352; x_wconf 86' lang='lat' dir='ltr'><strong>vi-</strong></span> 
     </span>
     <span class='ocr_line' id='line_1_4' title="bbox 165 381 1547 432; baseline 0.001 -10"><span class='ocrx_word' id='word_1_25' title='bbox 165 383 291 432; x_wconf 84' lang='lat' dir='ltr'><strong>detur,</strong></span> <span class='ocrx_word' id='word_1_26' title='bbox 332 393 452 432; x_wconf 88' lang='lat' dir='ltr'><strong>quum</strong></span> <span class='ocrx_word' id='word_1_27' title='bbox 491 392 559 421; x_wconf 81' lang='lat' dir='ltr'><strong>eas</strong></span> <span class='ocrx_word' id='word_1_28' title='bbox 607 392 709 431; x_wconf 85' lang='lat' dir='ltr'><strong>quae</strong></span> <span class='ocrx_word' id='word_1_29' title='bbox 748 381 788 420; x_wconf 91' lang='lat' dir='ltr'><strong>in</strong></span> <span class='ocrx_word' id='word_1_30' title='bbox 829 381 877 421; x_wconf 87' lang='lat' dir='ltr'><strong>iis</strong></span> <span class='ocrx_word' id='word_1_31' title='bbox 920 385 1087 432; x_wconf 85' lang='lat' dir='ltr'><strong>apparet</strong></span> <span class='ocrx_word' id='word_1_32' title='bbox 1123 382 1339 424; x_wconf 84' lang='lat' dir='ltr'><strong>historicae.</strong></span> <span class='ocrx_word' id='word_1_33' title='bbox 1372 384 1547 424; x_wconf 84' lang='lat' dir='ltr'><strong>rationes</strong></span> 
     </span>
     <span class='ocr_line' id='line_1_5' title="bbox 164 454 584 505; baseline -0.002 -12"><span class='ocrx_word' id='word_1_34' title='bbox 164 464 329 505; x_wconf 81' lang='lat' dir='ltr'><strong>prorsus</strong></span> <span class='ocrx_word' id='word_1_35' title='bbox 351 454 584 504; x_wconf 80' lang='lat' dir='ltr'><strong>neglexerit.</strong></span> 
     </span>
    </p>

    <p class='ocr_par' dir='ltr' id='par_1_2' title="bbox 156 526 1545 2326">
     <span class='ocr_line' id='line_1_6' title="bbox 289 526 1543 578; baseline 0.002 -11"><span class='ocrx_word' id='word_1_36' title='bbox 289 527 496 568; x_wconf 79' lang='lat' dir='ltr'><strong>Herculem</strong></span> <span class='ocrx_word' id='word_1_37' title='bbox 510 526 695 568; x_wconf 78' lang='lat' dir='ltr'><strong>Graeciae</strong></span> <span class='ocrx_word' id='word_1_38' title='bbox 717 528 829 577; x_wconf 84' lang='lat' dir='ltr'><strong>quasi</strong></span> <span class='ocrx_word' id='word_1_39' title='bbox 848 528 1089 577; x_wconf 71' lang='lat' dir='ltr'><strong>reciperasse</strong></span> <span class='ocrx_word' id='word_1_40' title='bbox 1102 527 1259 568; x_wconf 75' lang='lat' dir='ltr'><strong>Mulieri</strong></span> <span class='ocrx_word' id='word_1_41' title='bbox 1275 528 1361 570; x_wconf 87' lang='lat' dir='ltr'><strong>laus</strong></span> <span class='ocrx_word' id='word_1_42' title='bbox 1375 531 1447 578; x_wconf 89' lang='lat' dir='ltr'><strong>est,</strong></span> <span class='ocrx_word' id='word_1_43' title='bbox 1474 529 1543 578; x_wconf 88' lang='lat' dir='ltr'><strong>qui</strong></span> 
     </span>
     <span class='ocr_line' id='line_1_7' title="bbox 163 599 1543 650; baseline 0.001 -11"><span class='ocrx_word' id='word_1_44' title='bbox 163 599 371 640; x_wconf 82' lang='lat' dir='ltr'><strong>Herculem</strong></span> <span class='ocrx_word' id='word_1_45' title='bbox 398 601 532 639; x_wconf 83' lang='lat' dir='ltr'><strong>statim</strong></span> <span class='ocrx_word' id='word_1_46' title='bbox 557 600 608 639; x_wconf 87' lang='lat' dir='ltr'><strong>ab</strong></span> <span class='ocrx_word' id='word_1_47' title='bbox 634 600 745 640; x_wconf 86' lang='lat' dir='ltr'><strong>initio</strong></span> <span class='ocrx_word' id='word_1_48' title='bbox 772 600 1011 640; x_wconf 83' lang='lat' dir='ltr'><strong>Graecorum</strong></span> <span class='ocrx_word' id='word_1_49' title='bbox 1038 601 1160 640; x_wconf 85' lang='lat' dir='ltr'><strong>heroa</strong></span> <span class='ocrx_word' id='word_1_50' title='bbox 1183 601 1307 641; x_wconf 86' lang='lat' dir='ltr'><strong>fuisse</strong></span> <span class='ocrx_word' id='word_1_51' title='bbox 1332 603 1447 650; x_wconf 88' lang='lat' dir='ltr'><strong>putat</strong></span> <span class='ocrx_word' id='word_1_52' title='bbox 1472 612 1543 650; x_wconf 91' lang='lat' dir='ltr'><strong>po-</strong></span> 
     </span>
     <span class='ocr_line' id='line_1_8' title="bbox 163 672 1540 722; baseline 0.001 -10"><span class='ocrx_word' id='word_1_53' title='bbox 163 673 434 722; x_wconf 84' lang='lat' dir='ltr'><strong>tissimumque</strong></span> <span class='ocrx_word' id='word_1_54' title='bbox 461 672 622 721; x_wconf 88' lang='lat' dir='ltr'><strong>Dorum,</strong></span> <span class='ocrx_word' id='word_1_55' title='bbox 650 684 795 721; x_wconf 87' lang='lat' dir='ltr'><strong>eosque</strong></span> <span class='ocrx_word' id='word_1_56' title='bbox 823 685 943 722; x_wconf 84' lang='lat' dir='ltr'><strong>quum</strong></span> <span class='ocrx_word' id='word_1_57' title='bbox 960 674 1227 722; x_wconf 84' lang='lat' dir='ltr'><strong>Peloponneso</strong></span> <span class='ocrx_word' id='word_1_58' title='bbox 1258 677 1341 714; x_wconf 84' lang='lat' dir='ltr'><strong>tota</strong></span> <span class='ocrx_word' id='word_1_59' title='bbox 1366 672 1447 714; x_wconf 84' lang='lat' dir='ltr'><strong>fere</strong></span> <span class='ocrx_word' id='word_1_60' title='bbox 1475 685 1540 714; x_wconf 84' lang='lat' dir='ltr'><strong>su-</strong></span> 
     </span>
     <span class='ocr_line' id='line_1_9' title="bbox 161 744 1543 795; baseline 0.001 -11"><span class='ocrx_word' id='word_1_61' title='bbox 161 745 276 786; x_wconf 85' lang='lat' dir='ltr'><strong>bacta</strong></span> <span class='ocrx_word' id='word_1_62' title='bbox 302 756 490 785; x_wconf 84' lang='lat' dir='ltr'><strong>summam</strong></span> <span class='ocrx_word' id='word_1_63' title='bbox 517 745 621 794; x_wconf 88' lang='lat' dir='ltr'><strong>apud</strong></span> <span class='ocrx_word' id='word_1_64' title='bbox 649 756 781 785; x_wconf 90' lang='lat' dir='ltr'><strong>omnes</strong></span> <span class='ocrx_word' id='word_1_65' title='bbox 796 744 985 786; x_wconf 78' lang='lat' dir='ltr'><strong>Graeciae</strong></span> <span class='ocrx_word' id='word_1_66' title='bbox 1001 746 1178 789; x_wconf 83' lang='lat' dir='ltr'><strong>civitates</strong></span> <span class='ocrx_word' id='word_1_67' title='bbox 1197 746 1410 795; x_wconf 80' lang='lat' dir='ltr'><strong>potentiam</strong></span> <span class='ocrx_word' id='word_1_68' title='bbox 1435 757 1543 787; x_wconf 84' lang='lat' dir='ltr'><strong>asse-</strong></span> 
     </span>
     <span class='ocr_line' id='line_1_10' title="bbox 163 817 1543 868; baseline 0 -10"><span class='ocrx_word' id='word_1_69' title='bbox 163 819 243 858; x_wconf 84' lang='lat' dir='ltr'><strong>cuti</strong></span> <span class='ocrx_word' id='word_1_70' title='bbox 270 821 411 867; x_wconf 87' lang='lat' dir='ltr'><strong>essent,</strong></span> <span class='ocrx_word' id='word_1_71' title='bbox 439 828 517 867; x_wconf 87' lang='lat' dir='ltr'><strong>quo</strong></span> <span class='ocrx_word' id='word_1_72' title='bbox 544 817 641 857; x_wconf 87' lang='lat' dir='ltr'><strong>duce</strong></span> <span class='ocrx_word' id='word_1_73' title='bbox 668 820 786 867; x_wconf 87' lang='lat' dir='ltr'><strong>atque</strong></span> <span class='ocrx_word' id='word_1_74' title='bbox 813 820 920 858; x_wconf 88' lang='lat' dir='ltr'><strong>socio</strong></span> <span class='ocrx_word' id='word_1_75' title='bbox 947 830 1031 858; x_wconf 86' lang='lat' dir='ltr'><strong>rem</strong></span> <span class='ocrx_word' id='word_1_76' title='bbox 1049 819 1250 868; x_wconf 85' lang='lat' dir='ltr'><strong>praeclare</strong></span> <span class='ocrx_word' id='word_1_77' title='bbox 1269 819 1438 868; x_wconf 75' lang='lat' dir='ltr'><strong>gessisse</strong></span> <span class='ocrx_word' id='word_1_78' title='bbox 1457 830 1543 859; x_wconf 81' lang='lat' dir='ltr'><strong>cre-</strong></span> 
     </span>
     <span class='ocr_line' id='line_1_11' title="bbox 162 884 1545 941; baseline 0.002 -11"><span class='ocrx_word' id='word_1_79' title='bbox 162 891 311 941; x_wconf 88' lang='lat' dir='ltr'><strong>derent,</strong></span> <span class='ocrx_word' id='word_1_80' title='bbox 340 892 424 931; x_wconf 86' lang='lat' dir='ltr'><strong>eius</strong></span> <span class='ocrx_word' id='word_1_81' title='bbox 450 890 586 932; x_wconf 87' lang='lat' dir='ltr'><strong>laudes</strong></span> <span class='ocrx_word' id='word_1_82' title='bbox 613 901 849 941; x_wconf 75' lang='lat' dir='ltr'><strong>magnopere</strong></span> <span class='ocrx_word' id='word_1_83' title='bbox 877 892 1105 933; x_wconf 74' lang='lat' dir='ltr'><strong>celebrasse.</strong></span> <span class='ocrx_word' id='word_1_84' title='bbox 1138 884 1277 941; x_wconf 81' lang='lat' dir='ltr'><strong>Itaque</strong></span> <span class='ocrx_word' id='word_1_85' title='bbox 1302 890 1545 933; x_wconf 82' lang='lat' dir='ltr'><strong>Graecorum</strong></span> 
     </span>
     <span class='ocr_line' id='line_1_12' title="bbox 160 963 1545 1013; baseline 0.001 -11"><span class='ocrx_word' id='word_1_86' title='bbox 160 964 330 1002; x_wconf 88' lang='lat' dir='ltr'><strong>nationis</strong></span> <span class='ocrx_word' id='word_1_87' title='bbox 374 965 487 1012; x_wconf 87' lang='lat' dir='ltr'><strong>quasi</strong></span> <span class='ocrx_word' id='word_1_88' title='bbox 523 966 854 1013; x_wconf 77' lang='lat' dir='ltr'><strong>propugnatorem</strong></span> <span class='ocrx_word' id='word_1_89' title='bbox 893 963 1070 1004; x_wconf 81' lang='lat' dir='ltr'><strong>habitum</strong></span> <span class='ocrx_word' id='word_1_90' title='bbox 1108 975 1217 1012; x_wconf 89' lang='lat' dir='ltr'><strong>esse,</strong></span> <span class='ocrx_word' id='word_1_91' title='bbox 1253 964 1339 1013; x_wconf 57' lang='lat' dir='ltr'><strong>qui—</strong></span> <span class='ocrx_word' id='word_1_92' title='bbox 1364 963 1545 1013; x_wconf 80' lang='lat' dir='ltr'><strong>proprias</strong></span> 
     </span>
     <span class='ocr_line' id='line_1_13' title="bbox 161 1035 1543 1087; baseline 0.001 -12"><span class='ocrx_word' id='word_1_93' title='bbox 161 1047 295 1076; x_wconf 87' lang='lat' dir='ltr'><strong>eorum</strong></span> <span class='ocrx_word' id='word_1_94' title='bbox 322 1035 501 1085; x_wconf 79' lang='lat' dir='ltr'><strong>virtuteS‚</strong></span> <span class='ocrx_word' id='word_1_95' title='bbox 530 1036 749 1087; x_wconf 89' lang='lat' dir='ltr'><strong>ubicunque</strong></span> <span class='ocrx_word' id='word_1_96' title='bbox 776 1036 949 1076; x_wconf 87' lang='lat' dir='ltr'><strong>locorum</strong></span> <span class='ocrx_word' id='word_1_97' title='bbox 978 1037 1258 1085; x_wconf 82' lang='lat' dir='ltr'><strong>consedissent,</strong></span> <span class='ocrx_word' id='word_1_98' title='bbox 1286 1037 1409 1077; x_wconf 86' lang='lat' dir='ltr'><strong>tuitus</strong></span> <span class='ocrx_word' id='word_1_99' title='bbox 1426 1041 1543 1086; x_wconf 83' lang='lat' dir='ltr'><strong>esset,</strong></span> 
     </span>
     <span class='ocr_line' id='line_1_14' title="bbox 160 1108 1542 1158; baseline 0 -10"><span class='ocrx_word' id='word_1_100' title='bbox 160 1113 278 1158; x_wconf 84' lang='lat' dir='ltr'><strong>atque</strong></span> <span class='ocrx_word' id='word_1_101' title='bbox 311 1108 451 1158; x_wconf 89' lang='lat' dir='ltr'><strong>quibus</strong></span> <span class='ocrx_word' id='word_1_102' title='bbox 477 1109 534 1147; x_wconf 91' lang='lat' dir='ltr'><strong>illi</strong></span> <span class='ocrx_word' id='word_1_103' title='bbox 560 1110 621 1147; x_wconf 88' lang='lat' dir='ltr'><strong>usi</strong></span> <span class='ocrx_word' id='word_1_104' title='bbox 648 1113 778 1149; x_wconf 87' lang='lat' dir='ltr'><strong>essent</strong></span> <span class='ocrx_word' id='word_1_105' title='bbox 808 1109 1036 1149; x_wconf 89' lang='lat' dir='ltr'><strong>cultioribus</strong></span> <span class='ocrx_word' id='word_1_106' title='bbox 1068 1109 1242 1149; x_wconf 85' lang='lat' dir='ltr'><strong>moribus</strong></span> <span class='ocrx_word' id='word_1_107' title='bbox 1269 1110 1370 1148; x_wconf 86' lang='lat' dir='ltr'><strong>viam</strong></span> <span class='ocrx_word' id='word_1_108' title='bbox 1397 1120 1542 1157; x_wconf 84' lang='lat' dir='ltr'><strong>aperu-</strong></span> 
     </span>
     <span class='ocr_line' id='line_1_15' title="bbox 159 1181 1539 1232; baseline 0 -10"><span class='ocrx_word' id='word_1_109' title='bbox 159 1183 267 1223; x_wconf 86' lang='lat' dir='ltr'><strong>isset.</strong></span> <span class='ocrx_word' id='word_1_110' title='bbox 309 1181 368 1222; x_wconf 87' lang='lat' dir='ltr'><strong>Ne</strong></span> <span class='ocrx_word' id='word_1_111' title='bbox 394 1182 435 1221; x_wconf 90' lang='lat' dir='ltr'><strong>in</strong></span> <span class='ocrx_word' id='word_1_112' title='bbox 461 1181 609 1222; x_wconf 86' lang='lat' dir='ltr'><strong>abactis</strong></span> <span class='ocrx_word' id='word_1_113' title='bbox 637 1183 793 1232; x_wconf 88' lang='lat' dir='ltr'><strong>quidem</strong></span> <span class='ocrx_word' id='word_1_114' title='bbox 823 1182 1015 1232; x_wconf 85' lang='lat' dir='ltr'><strong>Geryonis</strong></span> <span class='ocrx_word' id='word_1_115' title='bbox 1047 1181 1175 1222; x_wconf 86' lang='lat' dir='ltr'><strong>bubus</strong></span> <span class='ocrx_word' id='word_1_116' title='bbox 1200 1181 1539 1232; x_wconf 87' lang='lat' dir='ltr'><strong>Hesperidumque</strong></span> 
     </span>
     <span class='ocr_line' id='line_1_16' title="bbox 158 1254 1540 1305; baseline 0.001 -11"><span class='ocrx_word' id='word_1_117' title='bbox 158 1255 268 1295; x_wconf 82' lang='lat' dir='ltr'><strong>malis</strong></span> <span class='ocrx_word' id='word_1_118' title='bbox 295 1254 492 1295; x_wconf 90' lang='lat' dir='ltr'><strong>notionem</strong></span> <span class='ocrx_word' id='word_1_119' title='bbox 520 1254 614 1294; x_wconf 89' lang='lat' dir='ltr'><strong>solis</strong></span> <span class='ocrx_word' id='word_1_120' title='bbox 640 1256 761 1295; x_wconf 86' lang='lat' dir='ltr'><strong>latere</strong></span> <span class='ocrx_word' id='word_1_121' title='bbox 776 1258 900 1305; x_wconf 85' lang='lat' dir='ltr'><strong>putat.</strong></span> <span class='ocrx_word' id='word_1_122' title='bbox 928 1256 1165 1296; x_wconf 77' lang='lat' dir='ltr'><strong>Hecataeum</strong></span> <span class='ocrx_word' id='word_1_123' title='bbox 1179 1254 1452 1305; x_wconf 84' lang='lat' dir='ltr'><strong>et-Scylacem,</strong></span> <span class='ocrx_word' id='word_1_124' title='bbox 1473 1256 1540 1305; x_wconf 83' lang='lat' dir='ltr'><strong>qui</strong></span> 
     </span>
     <span class='ocr_line' id='line_1_17' title="bbox 159 1327 1539 1378; baseline 0.001 -10"><span class='ocrx_word' id='word_1_125' title='bbox 159 1328 365 1378; x_wconf 83' lang='lat' dir='ltr'><strong>Erythiam</strong></span> <span class='ocrx_word' id='word_1_126' title='bbox 391 1328 432 1367; x_wconf 91' lang='lat' dir='ltr'><strong>in</strong></span> <span class='ocrx_word' id='word_1_127' title='bbox 465 1327 604 1367; x_wconf 90' lang='lat' dir='ltr'><strong>finibus</strong></span> <span class='ocrx_word' id='word_1_128' title='bbox 636 1328 748 1378; x_wconf 87' lang='lat' dir='ltr'><strong>Epiri</strong></span> <span class='ocrx_word' id='word_1_129' title='bbox 781 1329 1099 1378; x_wconf 85' lang='lat' dir='ltr'><strong>septentrionalis</strong></span> <span class='ocrx_word' id='word_1_130' title='bbox 1134 1330 1250 1368; x_wconf 89' lang='lat' dir='ltr'><strong>sitam</strong></span> <span class='ocrx_word' id='word_1_131' title='bbox 1284 1328 1406 1369; x_wconf 81' lang='lat' dir='ltr'><strong>fuisse</strong></span> <span class='ocrx_word' id='word_1_132' title='bbox 1431 1328 1539 1369; x_wconf 85' lang='lat' dir='ltr'><strong>affir-</strong></span> 
     </span>
     <span class='ocr_line' id='line_1_18' title="bbox 158 1400 1542 1451; baseline 0.001 -12"><span class='ocrx_word' id='word_1_133' title='bbox 158 1404 379 1449; x_wconf 84' lang='lat' dir='ltr'><strong>maverant,</strong></span> <span class='ocrx_word' id='word_1_134' title='bbox 422 1403 582 1440; x_wconf 90' lang='lat' dir='ltr'><strong>secutus</strong></span> <span class='ocrx_word' id='word_1_135' title='bbox 613 1401 824 1441; x_wconf 88' lang='lat' dir='ltr'><strong>Herculem</strong></span> <span class='ocrx_word' id='word_1_136' title='bbox 865 1404 981 1451; x_wconf 86' lang='lat' dir='ltr'><strong>putat</strong></span> <span class='ocrx_word' id='word_1_137' title='bbox 1013 1401 1250 1442; x_wconf 88' lang='lat' dir='ltr'><strong>Graecorum</strong></span> <span class='ocrx_word' id='word_1_138' title='bbox 1287 1401 1408 1442; x_wconf 88' lang='lat' dir='ltr'><strong>heroa</strong></span> <span class='ocrx_word' id='word_1_139' title='bbox 1440 1400 1542 1441; x_wconf 88' lang='lat' dir='ltr'><strong>Solis</strong></span> 
     </span>
     <span class='ocr_line' id='line_1_19' title="bbox 158 1473 1543 1525; baseline 0.001 -12"><span class='ocrx_word' id='word_1_140' title='bbox 158 1474 277 1514; x_wconf 84' lang='lat' dir='ltr'><strong>boves</strong></span> <span class='ocrx_word' id='word_1_141' title='bbox 311 1485 341 1513; x_wconf 90' lang='lat' dir='ltr'><strong>a.</strong></span> <span class='ocrx_word' id='word_1_142' title='bbox 374 1475 520 1524; x_wconf 89' lang='lat' dir='ltr'><strong>populo</strong></span> <span class='ocrx_word' id='word_1_143' title='bbox 556 1475 716 1515; x_wconf 81' lang='lat' dir='ltr'><strong>deorum</strong></span> <span class='ocrx_word' id='word_1_144' title='bbox 741 1473 994 1525; x_wconf 76' lang='lat' dir='ltr'><strong>[infernorum</strong></span> <span class='ocrx_word' id='word_1_145' title='bbox 1024 1474 1205 1525; x_wconf 83' lang='lat' dir='ltr'><strong>religioni</strong></span> <span class='ocrx_word' id='word_1_146' title='bbox 1240 1473 1373 1514; x_wconf 84' lang='lat' dir='ltr'><strong>dedito</strong></span> <span class='ocrx_word' id='word_1_147' title='bbox 1409 1477 1543 1523; x_wconf 77' lang='lat' dir='ltr'><strong>pastos</strong></span> 
     </span>
     <span class='ocr_line' id='line_1_20' title="bbox 157 1533 1541 1597; baseline 0.001 -11"><span class='ocrx_word' id='word_1_148' title='bbox 157 1547 264 1587; x_wconf 88' lang='lat' dir='ltr'><strong>nullo</strong></span> <span class='ocrx_word' id='word_1_149' title='bbox 293 1533 396 1587; x_wconf 78' lang='lat' dir='ltr'><strong>Solis</strong></span> <span class='ocrx_word' id='word_1_150' title='bbox 423 1549 606 1596; x_wconf 89' lang='lat' dir='ltr'><strong>respectu</strong></span> <span class='ocrx_word' id='word_1_151' title='bbox 633 1546 768 1586; x_wconf 87' lang='lat' dir='ltr'><strong>habito</strong></span> <span class='ocrx_word' id='word_1_152' title='bbox 794 1546 986 1597; x_wconf 84' lang='lat' dir='ltr'><strong>abegisse.</strong></span> <span class='ocrx_word' id='word_1_153' title='bbox 1014 1548 1144 1597; x_wconf 82' lang='lat' dir='ltr'><strong>Atque</strong></span> <span class='ocrx_word' id='word_1_154' title='bbox 1171 1558 1297 1596; x_wconf 83' lang='lat' dir='ltr'><strong>usque</strong></span> <span class='ocrx_word' id='word_1_155' title='bbox 1321 1546 1362 1586; x_wconf 91' lang='lat' dir='ltr'><strong>in</strong></span> <span class='ocrx_word' id='word_1_156' title='bbox 1380 1558 1429 1587; x_wconf 91' lang='lat' dir='ltr'><strong>ea</strong></span> <span class='ocrx_word' id='word_1_157' title='bbox 1444 1550 1541 1587; x_wconf 82' lang='lat' dir='ltr'><strong>tem-</strong></span> 
     </span>
     <span class='ocr_line' id='line_1_21' title="bbox 158 1620 1544 1670; baseline -0.001 -9"><span class='ocrx_word' id='word_1_158' title='bbox 158 1633 257 1670; x_wconf 84' lang='lat' dir='ltr'><strong>pora</strong></span> <span class='ocrx_word' id='word_1_159' title='bbox 296 1621 344 1661; x_wconf 92' lang='lat' dir='ltr'><strong>de</strong></span> <span class='ocrx_word' id='word_1_160' title='bbox 378 1620 521 1670; x_wconf 85' lang='lat' dir='ltr'><strong>quibus</strong></span> <span class='ocrx_word' id='word_1_161' title='bbox 547 1620 658 1660; x_wconf 91' lang='lat' dir='ltr'><strong>nobis</strong></span> <span class='ocrx_word' id='word_1_162' title='bbox 685 1621 872 1660; x_wconf 81' lang='lat' dir='ltr'><strong>historiae</strong></span> <span class='ocrx_word' id='word_1_163' title='bbox 906 1623 1087 1660; x_wconf 80' lang='lat' dir='ltr'><strong>auctores</strong></span> <span class='ocrx_word' id='word_1_164' title='bbox 1114 1623 1224 1660; x_wconf 89' lang='lat' dir='ltr'><strong>certa</strong></span> <span class='ocrx_word' id='word_1_165' title='bbox 1248 1622 1544 1669; x_wconf 83' lang='lat' dir='ltr'><strong>memorassent,</strong></span> 
     </span>
     <span class='ocr_line' id='line_1_22' title="bbox 158 1692 1539 1744; baseline 0.001 -11"><span class='ocrx_word' id='word_1_166' title='bbox 158 1694 208 1733; x_wconf 86' lang='lat' dir='ltr'><strong>ab</strong></span> <span class='ocrx_word' id='word_1_167' title='bbox 234 1693 573 1744; x_wconf 85' lang='lat' dir='ltr'><strong>Apolloniensibus</strong></span> <span class='ocrx_word' id='word_1_168' title='bbox 610 1694 717 1743; x_wconf 82' lang='lat' dir='ltr'><strong>viriS,</strong></span> <span class='ocrx_word' id='word_1_169' title='bbox 752 1692 893 1743; x_wconf 87' lang='lat' dir='ltr'><strong>quibus</strong></span> <span class='ocrx_word' id='word_1_170' title='bbox 929 1692 1088 1733; x_wconf 86' lang='lat' dir='ltr'><strong>honoris</strong></span> <span class='ocrx_word' id='word_1_171' title='bbox 1115 1703 1162 1732; x_wconf 88' lang='lat' dir='ltr'><strong>ea</strong></span> <span class='ocrx_word' id='word_1_172' title='bbox 1188 1693 1366 1733; x_wconf 83' lang='lat' dir='ltr'><strong>custodia</strong></span> <span class='ocrx_word' id='word_1_173' title='bbox 1388 1692 1539 1743; x_wconf 82' lang='lat' dir='ltr'><strong>fuisset,</strong></span> 
     </span>
     <span class='ocr_line' id='line_1_23' title="bbox 160 1766 1545 1821; baseline 0.001 -14"><span class='ocrx_word' id='word_1_174' title='bbox 160 1768 261 1808; x_wconf 84' lang='lat' dir='ltr'><strong>Solis</strong></span> <span class='ocrx_word' id='word_1_175' title='bbox 289 1768 420 1821; x_wconf 57' lang='lat' dir='ltr'><strong>&gt;bores</strong></span> <span class='ocrx_word' id='word_1_176' title='bbox 460 1769 511 1807; x_wconf 87' lang='lat' dir='ltr'><strong>ad</strong></span> <span class='ocrx_word' id='word_1_177' title='bbox 539 1768 662 1806; x_wconf 81' lang='lat' dir='ltr'><strong>Aoum</strong></span> <span class='ocrx_word' id='word_1_178' title='bbox 694 1766 837 1807; x_wconf 88' lang='lat' dir='ltr'><strong>flumen</strong></span> <span class='ocrx_word' id='word_1_179' title='bbox 873 1766 1089 1807; x_wconf 87' lang='lat' dir='ltr'><strong>custoditos</strong></span> <span class='ocrx_word' id='word_1_180' title='bbox 1126 1777 1224 1806; x_wconf 82' lang='lat' dir='ltr'><strong>esse.</strong></span> <span class='ocrx_word' id='word_1_181' title='bbox 1278 1766 1409 1814; x_wconf 86' lang='lat' dir='ltr'><strong>Quare</strong></span> <span class='ocrx_word' id='word_1_182' title='bbox 1444 1777 1545 1815; x_wconf 74' lang='lat' dir='ltr'><strong>quae</strong></span> 
     </span>
     <span class='ocr_line' id='line_1_24' title="bbox 157 1838 1544 1892; baseline -0.001 -12"><span class='ocrx_word' id='word_1_183' title='bbox 157 1840 341 1892; x_wconf 85' lang='lat' dir='ltr'><strong>physicae</strong></span> <span class='ocrx_word' id='word_1_184' title='bbox 374 1841 415 1880; x_wconf 90' lang='lat' dir='ltr'><strong>in</strong></span> <span class='ocrx_word' id='word_1_185' title='bbox 442 1839 622 1878; x_wconf 87' lang='lat' dir='ltr'><strong>Herculis</strong></span> <span class='ocrx_word' id='word_1_186' title='bbox 653 1839 784 1879; x_wconf 83' lang='lat' dir='ltr'><strong>fabula</strong></span> <span class='ocrx_word' id='word_1_187' title='bbox 815 1839 995 1879; x_wconf 87' lang='lat' dir='ltr'><strong>inventae</strong></span> <span class='ocrx_word' id='word_1_188' title='bbox 1022 1842 1155 1878; x_wconf 85' lang='lat' dir='ltr'><strong>essent</strong></span> <span class='ocrx_word' id='word_1_189' title='bbox 1181 1838 1363 1888; x_wconf 87' lang='lat' dir='ltr'><strong>rationes,</strong></span> <span class='ocrx_word' id='word_1_190' title='bbox 1400 1850 1467 1879; x_wconf 86' lang='lat' dir='ltr'><strong>eas</strong></span> <span class='ocrx_word' id='word_1_191' title='bbox 1494 1838 1544 1879; x_wconf 84' lang='lat' dir='ltr'><strong>ab</strong></span> 
     </span>
     <span class='ocr_line' id='line_1_25' title="bbox 158 1912 1544 1961; baseline 0 -8"><span class='ocrx_word' id='word_1_192' title='bbox 158 1914 301 1954; x_wconf 86' lang='lat' dir='ltr'><strong>exteris</strong></span> <span class='ocrx_word' id='word_1_193' title='bbox 329 1913 551 1953; x_wconf 84' lang='lat' dir='ltr'><strong>nationibus</strong></span> <span class='ocrx_word' id='word_1_194' title='bbox 578 1914 628 1952; x_wconf 87' lang='lat' dir='ltr'><strong>ad</strong></span> <span class='ocrx_word' id='word_1_195' title='bbox 656 1912 826 1952; x_wconf 86' lang='lat' dir='ltr'><strong>Graecos</strong></span> <span class='ocrx_word' id='word_1_196' title='bbox 853 1914 1079 1961; x_wconf 85' lang='lat' dir='ltr'><strong>pervenisse</strong></span> <span class='ocrx_word' id='word_1_197' title='bbox 1105 1914 1225 1960; x_wconf 87' lang='lat' dir='ltr'><strong>atque</strong></span> <span class='ocrx_word' id='word_1_198' title='bbox 1253 1923 1339 1951; x_wconf 89' lang='lat' dir='ltr'><strong>cum</strong></span> <span class='ocrx_word' id='word_1_199' title='bbox 1358 1912 1544 1961; x_wconf 77' lang='lat' dir='ltr'><strong>indigena</strong></span> 
     </span>
     <span class='ocr_line' id='line_1_26' title="bbox 157 1983 1543 2034; baseline -0.001 -9"><span class='ocrx_word' id='word_1_200' title='bbox 157 1987 275 2027; x_wconf 88' lang='lat' dir='ltr'><strong>heroe</strong></span> <span class='ocrx_word' id='word_1_201' title='bbox 293 1986 519 2025; x_wconf 86' lang='lat' dir='ltr'><strong>coniunctas</strong></span> <span class='ocrx_word' id='word_1_202' title='bbox 534 1996 637 2024; x_wconf 84' lang='lat' dir='ltr'><strong>esse.</strong></span> <span class='ocrx_word' id='word_1_203' title='bbox 657 1985 750 2024; x_wconf 82' lang='lat' dir='ltr'><strong>Dor.</strong></span> <span class='ocrx_word' id='word_1_204' title='bbox 779 1996 868 2034; x_wconf 86' lang='lat' dir='ltr'><strong>pag.</strong></span> <span class='ocrx_word' id='word_1_205' title='bbox 895 1984 1118 2025; x_wconf 81' lang='lat'>422—426.</span> <span class='ocrx_word' id='word_1_206' title='bbox 1145 1983 1242 2024; x_wconf 89' lang='lat' dir='ltr'><strong>Eam</strong></span> <span class='ocrx_word' id='word_1_207' title='bbox 1262 1995 1354 2024; x_wconf 89' lang='lat' dir='ltr'><strong>vero</strong></span> <span class='ocrx_word' id='word_1_208' title='bbox 1373 1983 1543 2024; x_wconf 84' lang='lat' dir='ltr'><strong>fabulam</strong></span> 
     </span>
     <span class='ocr_line' id='line_1_27' title="bbox 158 2056 1543 2122; baseline -0.001 -23"><span class='ocrx_word' id='word_1_209' title='bbox 158 2071 258 2109; x_wconf 85' lang='lat' dir='ltr'><strong>quae</strong></span> <span class='ocrx_word' id='word_1_210' title='bbox 291 2058 512 2108; x_wconf 84' lang='lat' dir='ltr'><strong>Geryonem</strong></span> <span class='ocrx_word' id='word_1_211' title='bbox 546 2062 585 2098; x_wconf 89' lang='lat' dir='ltr'><strong>et</strong></span> <span class='ocrx_word' id='word_1_212' title='bbox 611 2057 815 2107; x_wconf 89' lang='lat' dir='ltr'><strong>Erythiam</strong></span> <span class='ocrx_word' id='word_1_213' title='bbox 850 2057 890 2097; x_wconf 87' lang='lat' dir='ltr'><strong>in</strong></span> <span class='ocrx_word' id='word_1_214' title='bbox 932 2056 1057 2097; x_wconf 86' lang='lat' dir='ltr'><strong>multa</strong></span> <span class='ocrx_word' id='word_1_215' title='bbox 1096 2056 1271 2098; x_wconf 88' lang='lat' dir='ltr'><strong>locorum</strong></span> <span class='ocrx_word' id='word_1_216' title='bbox 1303 2060 1343 2097; x_wconf 88' lang='lat' dir='ltr'><strong>et</strong></span> <span class='ocrx_word' id='word_1_217' title='bbox 1378 2056 1543 2122; x_wconf 70' lang='lat' dir='ltr'><strong>marium</strong></span> 
     </span>
     <span class='ocr_line' id='line_1_28' title="bbox 157 2129 1543 2182; baseline -0.001 -10"><span class='ocrx_word' id='word_1_218' title='bbox 157 2132 442 2182; x_wconf 80' lang='lat' dir='ltr'><strong>longinquitate</strong></span> <span class='ocrx_word' id='word_1_219' title='bbox 470 2130 729 2179; x_wconf 82' lang='lat' dir='ltr'><strong>collocaverit,</strong></span> <span class='ocrx_word' id='word_1_220' title='bbox 757 2130 945 2170; x_wconf 81' lang='lat' dir='ltr'><strong>Hecataei</strong></span> <span class='ocrx_word' id='word_1_221' title='bbox 972 2130 1115 2170; x_wconf 78' lang='lat' dir='ltr'><strong>infelici</strong></span> <span class='ocrx_word' id='word_1_222' title='bbox 1132 2130 1401 2170; x_wconf 85' lang='lat' dir='ltr'><strong>emendatione</strong></span> <span class='ocrx_word' id='word_1_223' title='bbox 1420 2129 1543 2170; x_wconf 85' lang='lat' dir='ltr'><strong>multo</strong></span> 
     </span>
     <span class='ocr_line' id='line_1_29' title="bbox 156 2202 1542 2255; baseline -0.001 -10"><span class='ocrx_word' id='word_1_224' title='bbox 156 2203 415 2255; x_wconf 80' lang='lat' dir='ltr'><strong>antiquiorem</strong></span> <span class='ocrx_word' id='word_1_225' title='bbox 451 2215 538 2244; x_wconf 88' lang='lat' dir='ltr'><strong>esse</strong></span> <span class='ocrx_word' id='word_1_226' title='bbox 573 2215 684 2244; x_wconf 90' lang='lat' dir='ltr'><strong>nemo</strong></span> <span class='ocrx_word' id='word_1_227' title='bbox 718 2203 893 2254; x_wconf 85' lang='lat' dir='ltr'><strong>negabit,</strong></span> <span class='ocrx_word' id='word_1_228' title='bbox 921 2203 989 2253; x_wconf 90' lang='lat' dir='ltr'><strong>qui</strong></span> <span class='ocrx_word' id='word_1_229' title='bbox 1016 2203 1231 2245; x_wconf 86' lang='lat' dir='ltr'><strong>Hesiodum</strong></span> <span class='ocrx_word' id='word_1_230' title='bbox 1265 2207 1383 2254; x_wconf 85' lang='lat' dir='ltr'><strong>atque</strong></span> <span class='ocrx_word' id='word_1_231' title='bbox 1420 2202 1542 2244; x_wconf 84' lang='lat' dir='ltr'><strong>Stesi-</strong></span> 
     </span>
     <span class='ocr_line' id='line_1_30' title="bbox 157 2276 1234 2326; baseline -0.002 -7"><span class='ocrx_word' id='word_1_232' title='bbox 157 2279 317 2319; x_wconf 87' lang='lat' dir='ltr'><strong>chorum</strong></span> <span class='ocrx_word' id='word_1_233' title='bbox 350 2279 479 2318; x_wconf 83' lang='lat' dir='ltr'><strong>aetate</strong></span> <span class='ocrx_word' id='word_1_234' title='bbox 513 2278 588 2317; x_wconf 87' lang='lat' dir='ltr'><strong>hoc</strong></span> <span class='ocrx_word' id='word_1_235' title='bbox 622 2287 709 2316; x_wconf 87' lang='lat' dir='ltr'><strong>esse</strong></span> <span class='ocrx_word' id='word_1_236' title='bbox 736 2276 959 2326; x_wconf 89' lang='lat' dir='ltr'><strong>superiores</strong></span> <span class='ocrx_word' id='word_1_237' title='bbox 986 2277 1234 2317; x_wconf 86' lang='lat' dir='ltr'><strong>concesserit.</strong></span> 
     </span>
    </p>

    <p class='ocr_par' dir='ltr' id='par_1_3' title="bbox 156 2348 1544 2556">
     <span class='ocr_line' id='line_1_31' title="bbox 281 2348 1544 2400; baseline -0.002 -8"><span class='ocrx_word' id='word_1_238' title='bbox 281 2351 449 2392; x_wconf 72' lang='lat' dir='ltr'><strong>Mullero</strong></span> <span class='ocrx_word' id='word_1_239' title='bbox 484 2350 745 2400; x_wconf 82' lang='lat' dir='ltr'><strong>adstipulatus</strong></span> <span class='ocrx_word' id='word_1_240' title='bbox 773 2349 957 2400; x_wconf 81' lang='lat' dir='ltr'><strong>Vogelius</strong></span> <span class='ocrx_word' id='word_1_241' title='bbox 994 2362 1095 2400; x_wconf 87' lang='lat' dir='ltr'><strong>quae</strong></span> <span class='ocrx_word' id='word_1_242' title='bbox 1129 2351 1170 2390; x_wconf 90' lang='lat' dir='ltr'><strong>in</strong></span> <span class='ocrx_word' id='word_1_243' title='bbox 1197 2349 1377 2391; x_wconf 86' lang='lat' dir='ltr'><strong>Herculis</strong></span> <span class='ocrx_word' id='word_1_244' title='bbox 1410 2348 1544 2391; x_wconf 79' lang='lat' dir='ltr'><strong>fabula</strong></span> 
     </span>
     <span class='ocr_line' id='line_1_32' title="bbox 157 2422 1543 2476; baseline -0.001 -12"><span class='ocrx_word' id='word_1_245' title='bbox 157 2425 279 2465; x_wconf 89' lang='lat' dir='ltr'><strong>solem</strong></span> <span class='ocrx_word' id='word_1_246' title='bbox 305 2425 528 2474; x_wconf 87' lang='lat' dir='ltr'><strong>respiciant,</strong></span> <span class='ocrx_word' id='word_1_247' title='bbox 555 2436 579 2464; x_wconf 88' lang='lat' dir='ltr'><strong>a</strong></span> <span class='ocrx_word' id='word_1_248' title='bbox 605 2423 864 2476; x_wconf 85' lang='lat' dir='ltr'><strong>Phoenicibus</strong></span> <span class='ocrx_word' id='word_1_249' title='bbox 891 2423 1017 2471; x_wconf 87' lang='lat' dir='ltr'><strong>petita</strong></span> <span class='ocrx_word' id='word_1_250' title='bbox 1043 2433 1129 2464; x_wconf 85' lang='lat' dir='ltr'><strong>esse</strong></span> <span class='ocrx_word' id='word_1_251' title='bbox 1155 2425 1282 2473; x_wconf 88' lang='lat' dir='ltr'><strong>putat.</strong></span> <span class='ocrx_word' id='word_1_252' title='bbox 1328 2422 1543 2463; x_wconf 84' lang='lat' dir='ltr'><strong>Duodecim</strong></span> 
     </span>
     <span class='ocr_line' id='line_1_33' title="bbox 156 2495 1543 2556; baseline -0.003 -17"><span class='ocrx_word' id='word_1_253' title='bbox 156 2498 337 2540; x_wconf 83' lang='lat' dir='ltr'><strong>Herculis</strong></span> <span class='ocrx_word' id='word_1_254' title='bbox 381 2497 559 2539; x_wconf 82' lang='lat' dir='ltr'><strong>laborum</strong></span> <span class='ocrx_word' id='word_1_255' title='bbox 599 2495 801 2556; x_wconf 84' lang='lat' dir='ltr'><strong>definitum</strong></span> <span class='ocrx_word' id='word_1_256' title='bbox 842 2495 975 2538; x_wconf 86' lang='lat' dir='ltr'><strong>orbem</strong></span> <span class='ocrx_word' id='word_1_257' title='bbox 1017 2496 1183 2546; x_wconf 87' lang='lat' dir='ltr'><strong>primum</strong></span> <span class='ocrx_word' id='word_1_258' title='bbox 1218 2495 1466 2537; x_wconf 87' lang='lat' dir='ltr'><strong>Theocritum</strong></span> <span class='ocrx_word' id='word_1_259' title='bbox 1502 2495 1543 2535; x_wconf 91' lang='lat' dir='ltr'><strong>in</strong></span> 
     </span>
    </p>
   </div>
  </div>
 </body>
</html>
