1818 2765
1494 48 1541 88 1‘1

161 153 258 200 sitas
284 155 435 196 venisse
460 159 580 207 atque
606 155 774 196 aratoris
799 154 938 194 bovem
964 153 1184 202 devorasse,
1212 152 1353 193 deinde
1377 154 1419 192 in
1444 153 1543 192 Ars-

162 224 264 266 biam
290 229 480 278 migrasse
511 209 634 278 'atque
661 226 934 266 Emathionem
959 236 1122 267 necasse
1148 225 1353 275 alteroque
1378 236 1451 274 per
1476 224 1545 265 Li-

162 296 276 349 byam
307 299 447 341 itinere
481 310 606 350 usque
633 299 685 341 ad
718 298 836 339 maris
864 308 974 338 oram
1003 297 1108 338 facto
1135 297 1307 349 phialam
1333 296 1541 347 accepisse,

163 381 242 421 quo
273 372 427 422 navigio
463 383 577 412 usum
609 372 661 413 ad
688 371 894 412 adversam
928 372 1193 410 continentem
1228 370 1423 420 perlatum
1459 381 1547 410 esse

164 447 206 484 et
224 444 274 484 ad
293 444 510 487 Caucasum
522 442 875 493 Prometheumque
893 443 1130 492 pervenisse.
1150 442 1396 493 Pherecydes
1407 442 1546 483 Rhodo

163 517 289 556 insula
316 518 458 570 omissa
476 516 760 566 Emathionem,
778 526 895 564 quem
921 514 958 554 in
973 507 1182 564 Aethiopia
1206 514 1357 556 locasse
1376 516 1543 563 videtur,

163 593 254 639 post
280 590 450 631 Busirim
475 593 652 631 necatum
679 589 919 634 memoravit.
951 587 1112 628 Addidit
1136 588 1177 628 in
1194 587 1320 638 Libya
1345 587 1547 638 Aethiopi-

163 673 263 712 aque
290 662 432 702 multas
471 662 617 701 bestias
649 660 699 701 ab
738 659 909 706 Hercule
946 664 1103 700 necatas
1137 671 1240 709 esse,
1277 661 1317 699 in
1354 670 1431 708 quo
1458 671 1547 699 eum

167 738 324 775 secutus
356 746 442 775 esse
476 736 637 782 videtur,
666 733 863 773 Diodorus
889 733 956 780 IV,
988 733 1047 772 17.
1103 732 1204 772 Solis
1231 732 1363 782 phiala
1389 732 1549 773 Herculi

165 806 257 847 data
282 806 331 848 ab
359 811 525 858 utroque
559 806 649 847 huic
686 805 817 846 itineri
843 804 1040 846 inseritur.
1093 805 1231 855 Neque
1257 805 1355 845 illud
1382 815 1547 856 usquam

165 880 239 926 nisi
266 880 370 929 apud
410 879 687 928 Apollodorum
725 879 936 927 invenitur,
969 878 1177 918 Herculem
1209 879 1298 918 Jovi
1340 878 1546 923 Chironem

165 954 303 1002 sponte
329 952 564 993 moriturum-
589 950 811 993 Promethei
836 951 921 991 loco
948 951 1147 992 obtulisse.
1176 951 1284 999 Quae
1311 950 1360 991 de
1391 951 1547 993 Atlante

166 1027 206 1064 et
230 1024 414 1064 Herculis
435 1023 573 1064 fraude
601 1027 823 1072 narrantur,
850 1035 899 1065 ea
925 1025 1030 1074 apud
1052 1027 1261 1073 utrumque
1288 1023 1546 1065 consentiunt.

164 1098 425 1147 Hesperidum
450 1098 607 1138 nomina
641 1097 746 1147 apud
777 1097 1059 1147 Apollodorum
1092 1100 1186 1137 sunt
1210 1098 1343 1147 Aegle,
1370 1096 1547 1148 Erythia,

166 1171 369 1220 Hesperia,
397 1171 606 1210 Arethusa.
662 1172 770 1218 Quae
798 1171 953 1210 nomina
980 1171 1082 1210 unde
1115 1170 1319 1220 petiverit,
1353 1181 1431 1209 non
1458 1181 1547 1219 per·

165 1243 339 1293 spicitur,
359 1254 478 1293 quum
504 1243 608 1293 apud
635 1244 786 1293 priores
805 1243 1017 1293 scriptores
1046 1254 1121 1283 non
1141 1243 1398 1284 inveniantur.
1418 1243 1547 1291 Quum
1581 1253 1583 1255 ’

165 1316 367 1355 Hesiodus
386 1316 624 1365 Hesperides
651 1308 751 1355 filias
777 1316 913 1355 Noctis
941 1326 1028 1356 esse
1056 1316 1273 1363 tradiderit,
1301 1309 1548 1366 Pherecydes

165 1391 207 1428 et
231 1388 493 1438 Apollodorus
520 1399 588 1428 eas
614 1387 714 1427 filias
742 1388 911 1428 Atlantis
938 1387 1059 1428 fuisse
1086 1388 1292 1428 affirmant.
1339 1388 1549 1429 Herculem

166 1445 417 1510 Thermydris
444 1461 590 1500 aratori
618 1461 757 1500 bovem
784 1461 993 1500 abduxisse
1027 1465 1146 1510 atque
1174 1461 1384 1502 devorasse
1410 1473 1548 1501 narra·

165 1533 339 1575 tiuncula
356 1533 563 1575 admodum
590 1535 739 1574 recenti
758 1536 936 1584 tempore
954 1532 1048 1574 mihi
1067 1533 1223 1574 videtur
1246 1545 1334 1574 esse
1351 1534 1548 1584 adiuncta,

165 1609 257 1656 nisi,
295 1607 400 1656 quod
437 1607 612 1657 Heynius
640 1610 790 1655 censet,
817 1608 926 1646 locus
954 1607 1213 1656 interpolatus
1241 1611 1312 1647 est.
1367 1607 1548 1647 Herculis

165 1679 265 1719 enim
293 1679 527 1720 edacitatem
554 1690 601 1720 eo
620 1679 774 1718 demum
802 1683 979 1729 tempore
1006 1678 1135 1720 fictam
1154 1690 1252 1728 esse,
1281 1691 1358 1730 quo
1377 1679 1548 1720 melioris

165 1751 251 1791 aevi
277 1752 403 1801 pietas
429 1763 524 1801 erga
559 1753 653 1792 deos
690 1763 712 1791 e
739 1752 979 1791 Graecorum
1011 1752 1148 1791 animis
1176 1752 1397 1800 evanuerit,
1426 1752 1547 1792 nemi-

164 1835 253 1865 nem
278 1835 424 1875 negare
449 1828 556 1876 puto.
609 1825 747 1875 Itaque
773 1824 847 1865 nisi
874 1824 1118 1875 locus-*gravi
1146 1824 1284 1865 mendo
1311 1823 1480 1875 laborat,
1497 1825 1548 1865 ab

164 1898 380 1947 interprete
413 1898 545 1948 aliquo
577 1897 814 1947 fabularum,
848 1898 915 1947 qui
951 1899 1080 1938 cultus
1116 1898 1278 1937 deorum
1310 1898 1549 1948 heroumque

164 1970 436 2021 investigaret,
475 1970 607 2012 iocosa
649 1970 717 2012 illa
754 1971 1047 2024 'narratiuncula
1082 1970 1235 2035 fahulae
1275 1972 1426 2012 inserta
1461 1981 1549 2012 esse

164 2045 332 2085 videtur.
360 2044 441 2085 Sed
466 2044 544 2084 iam
571 2046 669 2085 satis
695 2044 820 2085 multa
845 2045 939 2085 mihi
966 2044 1086 2085 verba
1119 2044 1259 2085 fecisse
1286 2045 1433 2104 videor,v
1461 2045 1547 2096 qui-

164 2118 237 2159 bus
264 2120 465 2169 appareat„
493 2119 688 2169 quomodo
714 2122 881 2168 utraque
907 2118 1041 2159 fabula
1066 2119 1178 2158 initio
1205 2118 1369 2168 simplex
1393 2118 1548 2160 addita-

165 2193 306 2232 mentis
331 2191 382 2233 ab
408 2192 554 2231 exteris
582 2192 803 2232 nationibus
830 2191 985 2241 petitis,
1013 2195 1218 2239 poetarum
1244 2190 1549 2239 confictionibus,

165 2263 358 2307 historiae
406 2268 613 2304 auctorum
657 2268 698 2305 et
739 2264 1077 2315 grammaticorum
1121 2264 1288 2303 inventis
1336 2264 1477 2304 mirum
1509 2263 1548 2303 in

165 2337 321 2377 modum
347 2341 463 2377 aucta
489 2339 553 2377 sit.
580 2336 671 2376 Jam
696 2337 747 2376 ad
773 2350 820 2378 ea
846 2337 1128 2381 transeundum
1155 2340 1228 2384 est,
1256 2348 1356 2386 quae
1383 2337 1431 2376 de
1456 2347 1548 2386 pro-

165 2411 254 2461 pria
294 2410 502 2460 utriusque
545 2409 700 2451 fabulae
742 2409 1024 2461 significatione
1070 2410 1291 2460 excogitata
1330 2409 1549 2460 litterisque

166 2483 351 2524 mandata
377 2487 480 2524 sunt.

1295 2558 1320 2598 2
