1818 2765
195 83 254 123 20

200 198 354 230 summo
381 188 533 230 honore
559 189 727 241 habitos,
755 191 929 232 homines
956 192 1078 232 fuisse
1105 191 1167 231 vel
1194 180 1325 232 rerum
1352 191 1590 232 naturalium

200 262 366 302 scientia
393 263 454 303 vel
481 264 657 313 corporis
685 264 723 303 vi
750 265 812 305 vel
839 264 961 314 copiis
988 268 1106 315 atque
1138 263 1277 314 opibus
1302 264 1476 314 insignes
1504 263 1586 304 effi-

201 345 290 375 cere
323 335 456 376 voluit.
513 336 588 384 Qui
621 336 721 377 liber
754 341 900 387 quanta
936 336 1055 377 fuerit
1089 337 1194 387 apud
1230 337 1414 387 aequales
1450 340 1490 378 et
1516 348 1587 386 po-

201 410 330 447 steros
357 408 593 448 auctoritate
620 419 667 447 eo
694 410 959 458 cognoscitur,
988 409 1094 458 quod
1121 409 1182 448 vel
1210 410 1259 449 ab
1286 410 1413 449 Ennio
1438 409 1588 449 Latinis

201 481 343 521 litteris
383 482 591 522 mandatus
632 486 703 522 est.
759 482 863 530 Quin
903 483 1019 522 etiam
1057 494 1183 533 usque
1216 483 1266 522 ad
1298 485 1475 522 nostrum
1505 482 1595 523 fere

201 563 342 593 aevum
374 553 452 593 viri
485 556 526 593 et
556 550 711 604 ingenio
748 557 790 593 et
815 554 855 593 in
887 554 1004 594 rebus
1040 555 1255 594 tractandis
1288 555 1492 605 diligentia
1510 565 1587 595 vno-

200 627 297 667 biles
325 627 536 667 Euhemeri
562 627 707 676 placita
735 629 859 668 secuti
886 630 990 667 sunt.

326 699 414 740 Non
441 698 600 741 defuere
628 702 757 741 tamen
785 701 853 751 qui
879 701 1040 742 deorum
1067 699 1306 752 heroumque
1325 700 1494 752 origines
1512 700 1590 742 alia

200 772 378 813 adhibita
404 773 556 812 ratione
582 774 825 823 indagarent.
854 774 1080 824 Philosophi
1106 776 1151 823 ii,
1181 776 1248 824 qui
1275 775 1459 814 dicuntur
1484 776 1588 815 Neo-

200 845 398 896 platonici,
426 846 467 886 in
495 846 733 897 explicandis
760 845 904 888 fabulis
918 845 1080 898 physica
1098 846 1341 898 potissimum
1360 847 1510 888 ratione
1529 847 1591 888 usi

200 930 288 958 esse
316 920 511 959 videntur.
539 921 714 968 Quorum
741 933 763 961 e
789 932 952 960 numero
971 921 1212 971 Porphyrius
1231 922 1439 962 Herculem
1467 921 1590 961 solem

202 1003 289 1031 esse
317 997 435 1042 atque
463 992 670 1032 duodecim
696 992 780 1031 eius
807 991 963 1032 labores
982 994 1076 1033 solis
1094 1005 1167 1043 per
1185 993 1371 1034 circulum
1389 994 1590 1034 zodiacum

199 1067 278 1105 iter
303 1078 390 1107 esse
417 1066 526 1106 dixit.
558 1066 702 1106 Euseb.
731 1077 865 1115 praep.
894 1078 953 1105 ev.
981 1066 1060 1114 111,
1091 1068 1152 1106 11.
1207 1067 1385 1107 Eandem
1411 1068 1461 1106 de
1487 1068 1590 1107 Her-

201 1138 287 1179 cule
315 1140 547 1179 sententiam
575 1141 734 1178 secutus
771 1142 832 1178 est
858 1138 1099 1189 Macrobius,
1127 1139 1238 1179 cuius
1265 1138 1361 1179 haec
1386 1139 1470 1180 fere
1499 1143 1591 1179 sunt

199 1212 340 1253 verba:
368 1213 447 1262 „Et
472 1224 516 1252 re
542 1223 637 1253 vera
663 1213 871 1255 Herculem
899 1214 1020 1254 solem
1047 1225 1134 1254 esse
1161 1213 1223 1254 vel
1250 1224 1298 1253 ex
1325 1214 1412 1262 ipso
1436 1213 1590 1254 nomine

200 1287 334 1326 claret.
376 1286 564 1327 Heracies
592 1287 694 1326 enim
722 1286 817 1337 quid
843 1287 949 1326 aliud
977 1291 1039 1327 est
1066 1288 1142 1327 nisi
1171 1286 1300 1326 Heras
1328 1286 1369 1325 id
1398 1289 1460 1325 est
1485 1286 1588 1326 aeris

201 1358 305 1399 cleos
331 1359 373 1398 id
401 1362 463 1399 est
489 1358 625 1409 gloria.
654 1359 763 1407 Quae
790 1371 910 1410 porro
937 1360 1016 1400 alia
1043 1364 1106 1400 est
1131 1360 1235 1399 aeris
1262 1359 1389 1409 gloria
1406 1360 1482 1399 nisi
1496 1359 1590 1399 solis

201 1432 445 1481 inaminatio‚
474 1432 587 1471 cuius
614 1443 771 1472 recessu
798 1433 1065 1481 profunditate
1093 1433 1254 1481 spiritus
1273 1432 1464 1471 occulitur
1481 1435 1589 1471 tene-

201 1505 372 1545 brarum.
416 1504 566 1545 Eodem
600 1503 684 1544 fere
711 1505 813 1544 loco:
842 1505 994 1555 Quippe
1021 1504 1209 1546 Hercules
1237 1515 1285 1544 ea
1311 1509 1372 1544 est
1399 1504 1492 1544 solis
1519 1514 1590 1554 po-

202 1581 327 1617 testas
356 1578 458 1627 quae
485 1577 656 1617 humano
674 1579 811 1628 generi
829 1579 1015 1617 virtutem
1035 1578 1086 1617 ad
1105 1576 1395 1617 similitudinem
1415 1579 1591 1626 praestat

202 1652 377 1692 deorum.
409 1650 489 1691 Sat.
518 1651 546 1701 Ι,
575 1651 637 1691 20.

328 1726 484 1765 Primus
497 1725 536 1763 in
550 1724 789 1775 exquirenda
801 1723 1021 1764 fabularum
1040 1723 1323 1773 significatione
1340 1734 1459 1763 novas
1478 1724 1591 1773 quasi

201 1800 286 1838 vias
305 1799 463 1847 aperuit
479 1798 666 1848 Heynius.
685 1798 710 1837 l.
727 1810 758 1837 c.
775 1798 994 1836 158—157.
1016 1796 1090 1844 Qui
1109 1796 1255 1835 reiecta
1272 1796 1484 1836 Euhemeri
1502 1807 1590 1836 sen-

200 1872 325 1912 tentia
344 1870 497 1910 fabulas
517 1881 603 1910 esse
624 1881 840 1909 sermonem
861 1869 1053 1918 quendam
1072 1873 1182 1908 ratus
1204 1872 1276 1917 est,
1300 1880 1377 1919 quo
1401 1869 1589 1919 homines,

203 1955 322 1994 quum
355 1944 529 1983 cultioris
570 1943 825 1982 humanitatis
864 1943 1026 1983 scientia
1060 1945 1180 1992 atque
1215 1943 1385 1982 eruditio
1420 1943 1589 1982 nondum

202 2019 364 2067 vigeret,
392 2018 571 2057 notiones
599 2016 683 2055 sola
709 2019 839 2055 mente
867 2015 1076 2065 capiendas
1105 2015 1401 2064 expressissent.
1454 2016 1592 2065 Itaque

202 2089 410 2130 Herculem
443 2089 484 2128 in
510 2090 770 2139 cosmogoniis
807 2088 858 2127 ad
885 2087 1039 2128 roboris
1075 2088 1271 2128 notionem
1299 2086 1591 2138 significandam

202 2165 401 2204 inventum
437 2174 524 2203 esse
560 2161 740 2202 affirmat,
796 2162 905 2209 Quae
941 2162 989 2201 de
1018 2160 1198 2211 Geryone
1238 2165 1281 2200 et
1305 2160 1591 2210 Hesperidibus

204 2237 468 2287 Apollodorus
504 2238 714 2275 memoriae
747 2234 928 2283 tradidit,
968 2246 1016 2273 ea
1050 2244 1126 2273 non
1154 2235 1194 2274 in
1223 2233 1388 2274 Graecia
1422 2234 1591 2283 inventa,

202 2311 272 2350 sed
313 2309 363 2349 ab
395 2308 565 2349 Hercule
599 2308 792 2357 Aegyptio
834 2310 874 2345 et
900 2306 1119 2347 Melkartho
1148 2308 1267 2356 Tyrio
1304 2308 1430 2356 petita
1470 2302 1591 2346 fuisSe

201 2387 327 2434 putat.
382 2383 428 2422 In
456 2385 623 2431 utraque
649 2382 782 2421 fabula
809 2392 884 2420 non
907 2380 1062 2420 dubitat
1088 2381 1181 2428 quin
1209 2380 1303 2418 solis
1330 2379 1437 2418 notio
1456 2379 1591 2419 lateat.

203 2456 362 2498 Scilicet
394 2455 443 2494 ab
479 2454 589 2494 initio
623 2453 745 2493 fuisse
782 2455 839 2492 ait
871 2454 909 2492 in
948 2453 1209 2502 Hesperidum
1244 2451 1370 2491 hortis
1407 2454 1448 2492 et
1478 2453 1590 2492 malis

203 2530 354 2569 saureis
397 2528 622 2579 ingenioum
659 2527 829 2577 aliquem
871 2526 1008 2566 ludum
1044 2530 1085 2565 et
1125 2529 1344 2575 respectum
1380 2526 1591 2566 occidentis
