1818 2765
216 80 242 121 2

217 184 318 224 verit
341 195 474 224 necne.
503 185 559 224 Ut
586 184 761 224 omittam
780 184 1040 224 Demodocum
1068 188 1108 224 et
1126 183 1405 224 Cinaetbonem
1424 185 1597 225 Lacones

216 258 389 307 aliosque
416 256 483 307 qui
510 256 717 297 Herculem
746 257 982 298 carminibus
1011 257 1227 298 celebrasse
1254 253 1451 308 feruntur,
1479 245 1597 309 quum
1643 246 1645 248 ’

216 339 292 367 non
325 332 515 377 appareat
557 331 689 366 utrum
726 329 775 367 de
810 329 1000 379 Geryonis
1042 329 1227 368 armentis
1259 332 1300 369 et
1336 329 1595 379 Hesperidum

215 403 327 441 malis
361 401 589 450 scripserint
624 413 760 450 necne,
797 402 941 442 heroici
975 403 1157 441 carminis
1184 408 1321 443 auctor
1346 405 1510 453 insignis
1537 408 1599 443 est

215 472 708 520 PisanderCamiraeus,
737 483 851 522 quem
879 473 1034 522 quidem
1062 478 1218 522 poetam
1237 474 1417 514 Herculis
1441 486 1505 514 res
1533 487 1595 515 ce-

215 546 430 586 lebrantem
457 546 594 586 laudat
613 546 875 594 Quintilianus
902 547 991 587 inst.
1020 559 1075 587 or.
1104 549 1151 597 X,
1182 549 1215 596 1,
1244 548 1308 588 56.
1338 549 1456 589 Teste
1477 549 1595 589 Athe-

215 630 313 659 naeo
340 620 522 669 poculum
548 630 625 669 quo
652 618 841 659 Hercules
861 619 1058 658 Oceanum
1077 623 1324 661 transvectus
1348 624 1465 670 esset,
1495 620 1597 661 Solis

215 694 398 743 poculum
426 692 548 732 fuisse
575 692 692 741 idque
719 692 769 732 ab
788 692 944 733 Oceano
963 693 1168 733 Herculem
1188 696 1386 745 accepisse
1412 695 1452 734 in'
1471 695 1596 735 altero

214 767 396 806 carminis
423 766 523 805 libro
538 768 780 806 narraverat.
812 766 950 806 Athen.
970 766 1036 815 XI,
1054 766 1144 805 469.
1174 767 1354 807 Herculis
1373 768 1490 807 etiam
1510 779 1597 808 cum

213 840 364 879 Antaeo
393 842 590 879 certamen
617 840 817 894 singulare
827 839 1058 879 Pisandrum
1087 851 1269 880 narrasse
1296 845 1596 881 consentaneum

213 914 286 960 est,
314 922 432 960 quum
460 910 650 951 afferatur
675 912 815 951 Antaei
842 911 961 952 filiam
989 923 1012 951 a
1031 912 1220 952 Pisandro
1248 914 1482 955 nominatam
1510 925 1596 955 esse

213 984 430 1034 Alceidam,
458 985 509 1024 ab
536 985 624 1024 aliis
650 985 828 1025 Baream.
857 984 982 1026 Schol.
1011 984 1122 1026 Pind.
1151 986 1264 1037 Pyth.
1292 986 1366 1037 IX,
1397 988 1483 1027 185.
1536 988 1597 1027 Ex

212 1057 345 1107 lyricis
363 1058 491 1106 poetis
511 1069 630 1108 quum
650 1057 914 1107 Archilochus,
944 1058 1148 1108 Tyrtaeus,
1177 1058 1354 1108 Alcaeus,-
1379 1060 1596 1100 Simonides

212 1131 315 1171 Cens
343 1131 384 1169 in
410 1130 649 1171 carminibus·
679 1131 760 1170 suis
788 1143 852 1170 res
881 1130 931 1170 ab
957 1131 1126 1171 Hercule
1153 1137 1285 1181 gestas
1312 1134 1408 1184 mire
1436 1142 1606 1179 ornasse⁴

212 1205 433 1254 tradantur,
460 1216 555 1243 num
582 1205 621 1244 in
650 1204 869 1255 Geryonem
898 1206 939 1243 et
965 1203 1205 1254 Hesperides
1239 1200 1505 1255 expeditiones
1532 1216 1595 1247 ce-

211 1276 468 1326 lebraverint,
496 1290 518 1317 e
545 1276 773 1326 fragmentis
800 1278 971 1326 perspici
998 1288 1074 1316 non
1103 1281 1245 1326 potest.
1284 1279 1595 1319 Stesichorus

211 1361 305 1390 vero
338 1350 571 1390 Himeraeus
605 1361 761 1390 carmen
788 1350 977 1401 condidit,
1016 1362 1094 1401 quo
1135 1350 1281 1391 heroici
1316 1352 1499 1391 carminis
1531 1363 1595 1391 res

212 1434 373 1463 numero
401 1423 522 1473 lyrico
551 1423 778 1473 complexus
805 1424 986 1464 Herculis
1014 1424 1054 1462 in
1072 1423 1292 1474 Geryonem
1319 1425 1595 1473 profectionem

212 1497 477 1546 copiosissime
503 1496 725 1538 celebravi-t.
756 1496 897 1536 Strabo
926 1497 994 1536 III.
1023 1508 1060 1546 p.
1087 1497 1176 1537 221.
1226 1498 1311 1545 Quo
1338 1508 1386 1537 ex
1413 1499 1595 1547 carmine,

211 1572 274 1611 cui
301 1582 442 1611 nomen
464 1573 552 1611 erat
569 1570 794 1621 Geryonidi,
822 1570 917 1611 haec
936 1570 1169 1611 afferuntur:
1200 1569 1328 1610 Solem
1350 1570 1595 1611 Stesichorus

210 1646 351 1694 poculo
385 1656 457 1694 per
486 1646 685 1685 Oceanum
711 1645 898 1694 navigare
924 1644 1089 1684 tradidit
1114 1655 1239 1694 eoque
1265 1644 1351 1693 ipso
1379 1646 1597 1695 Herculem,

210 1728 330 1767 quum
356 1717 407 1757 ad
434 1716 626 1767 Geryonis
653 1716 773 1756 boves
803 1716 1071 1766 contenderet,
1099 1716 1308 1757 traiecisse.
1362 1717 1500 1758 Athen.
1528 1717 1596 1767 XI,

210 1792 299 1830 781.
334 1790 496 1830 Accedit
527 1789 789 1839 fragmentum
821 1789 945 1838 ipsius
977 1793 1116 1838 poetae
1150 1789 1279 1830 verbis
1312 1789 1362 1829 ab
1395 1790 1594 1830 Athenaeo

208 1862 276 1911 XI,
304 1863 384 1902 469
410 1862 610 1912 traditum,
638 1863 748 1902 cuius
776 1861 871 1902 haec
897 1860 980 1901 fere
999 1866 1092 1902 sunt
1109 1862 1244 1902 verba:
1275 1861 1342 1901 Sol
1370 1863 1594 1914 (postquam

208 1936 401 1977 Hercules
428 1935 608 1986 poculum
636 1934 824 1984 reddidit)
852 1935 893 1975 in
910 1934 984 1976 hoc
1002 1935 1183 1985 poculum
1202 1945 1365 1975 aureum
1384 1935 1594 1986 descendit,

210 2013 254 2049 ut
279 2020 350 2058 per
371 2009 568 2049 Oceanum
587 2010 637 2048 ad
656 2019 791 2048 sacrae
810 2011 852 2047 et
870 2007 1059 2048 obscurae
1081 2009 1218 2049 Noctis
1237 2009 1451 2058 profundas
1470 2009 1594 2060 sedes,

207 2082 258 2121 ad
286 2086 470 2131 matrem,
503 2083 706 2132 coniugem
743 2080 965 2130 liberosque
1000 2081 1168 2130 rediret;
1204 2082 1308 2122 Iovis
1335 2086 1466 2122 autem
1491 2081 1594 2121 filins

207 2166 343 2195 nemus
371 2155 494 2195 lauris
531 2165 694 2204 opacum
729 2154 894 2203 pedibus
921 2155 1070 2203 petivit.
1125 2155 1242 2204 Apud.
1269 2154 1397 2195 Schol.
1424 2156 1476 2194 ad
1501 2156 1594 2196 Hes.

208 2227 354 2278 Theog.
383 2228 474 2267 287.
505 2227 714 2277 reperitur,
744 2226 1008 2267 Stesichorum
1041 2227 1210 2278 Geryoni
1239 2238 1308 2267 sex
1338 2239 1478 2268 manus
1508 2239 1595 2269 sex-

206 2311 284 2349 que
311 2300 451 2350 pedes,
486 2304 693 2350 praeterea
723 2310 871 2349 pennas
912 2300 1107 2339 tribuisse.
1142 2302 1271 2350 Atque
1309 2301 1451 2340 Strabo
1482 2300 1595 2341 affert

205 2373 276 2421 111,
304 2374 395 2413 321.
425 2373 690 2413 Stesichorum
713 2373 907 2422 Geryonis
934 2375 1111 2412 armenta
1137 2378 1233 2414 nata
1255 2373 1400 2414 dixisse
1427 2374 1477 2413 ad
1497 2374 1592 2414 Tar*

204 2447 302 2485 tessi
350 2445 518 2485 fluminis
564 2447 773 2485 immensos
816 2445 944 2484 fontes
984 2444 1294 2500 ᾰργυρορίζους,
1333 2447 1374 2485 in
1415 2445 1592 2486 faucibus

205 2519 356 2559 saxosis
384 2530 509 2569 prope
535 2529 604 2558 eos
631 2518 752 2567 locos,
781 2519 849 2569 qui
882 2519 961 2558 siut
986 2518 1146 2559 adversi
1170 2520 1341 2570 inclytae
1365 2519 1591 2569 Eurythiae.
