1818 2765
222 73 251 114 4

222 188 344 229 grege
380 176 615 228 aufugisset,
648 182 688 219 et
720 188 793 227 per
827 175 971 218 fretum
1006 177 1047 217 in
1071 177 1253 236 Sipiliam
1287 180 1519 232 traiecisset,
1547 190 1610 234 re-

222 251 349 301 gionis
374 251 522 292 incolas
549 262 641 291 num
668 252 757 301 quis
783 251 893 292 illum
920 251 1094 301 vidisset,
1121 252 1279 293 assidue
1293 254 1505 303 rogitasse.
1525 253 1610 302 Qui

223 335 344 374 quum
370 324 541 374 linguam
568 324 759 364 Graecam
785 335 924 373 parum
952 324 1170 373 novissent,
1197 329 1238 365 et
1264 325 1468 366 iuvencum
1495 336 1611 375 quem

223 408 249 437 a
266 407 309 436 se
328 398 467 447 quaeri
484 396 687 446 sentirent,
715 408 787 437 suo
807 407 987 438 sermone
1005 397 1169 446 vitulum
1188 397 1462 449 appellassent,
1484 400 1607 439 totam

223 469 328 510 illam
354 471 553 519 regionem
580 481 697 521 qnam
724 471 910 511 iuvencus
937 472 1258 521 percucurrisset,
1285 471 1336 519 ab
1353 472 1523 512 Hercule
1541 471 1609 511 Vi-

223 542 357 583 taliam
383 543 618 594 appellatam
646 554 745 584 esse.
773 544 886 584 Dion.
915 543 1002 584 Hal.
1032 545 1120 585 Ant.
1139 543 1249 584 Rom.
1277 544 1311 593 Ι,
1337 556 1375 595 p.
1402 545 1469 585 28.
1495 544 1608 586 Phe-

222 616 429 666 recydes
456 617 644 666 Lerius‚
671 617 866 657 Herodoti
892 617 976 657 fere
999 617 1187 667 aequalis,
1215 628 1334 667 quum
1362 618 1509 658 Atticas
1535 629 1608 667 po-

221 689 413 729 tissimum
458 689 611 729 fabulas
649 689 854 738 scriberet,
887 690 1070 730 Herculis
1115 701 1179 731 res
1220 690 1375 740 copiose
1416 693 1608 731 tractasse

219 762 386 803 videtur.
420 762 543 802 Nobis
570 765 730 802 servata
755 763 851 803 haec
878 768 986 803 sunt:
1015 763 1223 804 Herculem
1250 775 1382 804 arcum
1412 764 1608 805 intensum

220 838 421 885 tamquam
447 838 584 884 petere
602 835 722 875 vellet
747 835 787 874 in
805 835 913 875 illum
932 834 1099 886 (Solem)
1119 835 1320 885 direxisse,
1350 847 1427 886 quo
1452 836 1607 886 incepto

221 908 412 949 desistere
439 920 464 948 a
484 907 573 948 Sole
591 908 742 948 iussum
755 908 965 950 destitisse.
992 909 1112 949 Cuius
1128 909 1304 959 obsequii
1326 911 1456 960 gratia
1474 910 1603 950 Solem

220 984 258 1023 ei
284 982 440 1023 dedisse
472 984 651 1032 pateram
683 992 861 1030 auream,
895 993 990 1032 qua,
1025 985 1233 1033 postquam
1261 982 1484 1033 occidisset,
1519 994 1606 1023 cum

213 1045 333 1104 'equis
362 1058 480 1095 noctu
507 1065 580 1103 per
600 1055 797 1095 Oceanum
823 1054 873 1094 ad
893 1055 1083 1095 orientem
1101 1066 1239 1095 versus
1258 1054 1475 1095 veheretur.
1503 1056 1604 1095 Her·

218 1130 342 1170 culem
378 1128 446 1169 illa
480 1130 620 1178 patera
644 1127 849 1178 Erythiam
886 1129 1141 1170 contendisse.
1197 1129 1252 1169 At
1282 1140 1401 1179 quum
1436 1130 1477 1169 in
1507 1130 1608 1170 mari

217 1201 409 1251 agitaret,
438 1200 649 1249 Oceanum,
677 1203 721 1239 ut
749 1202 832 1241 eius
860 1201 1047 1240 virtutem
1074 1202 1330 1252 experiretur,
1358 1201 1397 1241 in
1424 1200 1608 1242 fluctibus

219 1286 305 1316 sese
350 1275 539 1324 iactasse,
578 1274 650 1314 sed
682 1274 862 1315 Herculis
900 1275 1050 1315 directo
1096 1276 1137 1315 in
1169 1286 1212 1316 se
1245 1287 1339 1315 arcu
1372 1275 1603 1315 deterritum

218 1350 263 1387 ut
298 1347 390 1386 tela
413 1347 635 1395 omitteret,
670 1358 843 1397 rogasse.
872 1347 1011 1387 Athen.
1041 1347 1113 1396 XI,
1139 1348 1231 1387 470.
1271 1348 1353 1387 Iam
1380 1358 1472 1388 vero
1500 1358 1601 1398 quae

217 1421 266 1460 de
293 1421 554 1470 Hesperidum
581 1420 693 1461 malis
721 1422 896 1470 scripsit,
925 1432 973 1460 ex
999 1421 1049 1460 iis
1075 1420 1171 1461 haec
1198 1421 1281 1460 fere
1308 1421 1420 1461 nobis
1448 1424 1606 1460 servata

217 1497 330 1532 sunt:
367 1493 530 1532 Terram
568 1504 686 1542 quum
718 1493 802 1531 Iovi
828 1493 926 1532 Iuno
960 1492 1144 1541 nuberet,
1172 1492 1212 1532 in
1239 1493 1412 1543 Oceano,
1441 1492 1540 1543 (scil.
1567 1493 1608 1531 in

215 1568 345 1607 insula
378 1566 542 1617 Oceani)
588 1568 692 1607 mala
731 1578 852 1606 aurea
884 1578 931 1606 ex
965 1577 1051 1607 sese
1087 1566 1275 1614 edidisse,
1312 1577 1412 1615 quae
1445 1577 1606 1615 serpens

216 1639 403 1691 Typhone
430 1643 471 1679 et
496 1639 673 1680 Echidna
698 1641 929 1690 procreatus
958 1639 1153 1689 centiceps
1181 1641 1223 1679 et
1248 1649 1386 1679 vocum
1400 1639 1604 1690 ,varietate

214 1714 378 1762 insignis
413 1713 641 1753 custodiret.
678 1714 808 1762 Atque
836 1713 1035 1762 Nymphas
1067 1713 1171 1751 Iovis
1207 1717 1248 1752 et
1275 1707 1471 1753 Themidis
1503 1711 1605 1750 filias

213 1786 254 1825 in
294 1796 414 1835 specu
442 1796 567 1835 prope
604 1785 820 1825 Eridanum
859 1785 1079 1825 habitantes
1106 1785 1267 1826 Herculi
1294 1784 1486 1834 quomodo
1522 1796 1604 1825 rem

214 1858 421 1908 perficeret
447 1861 596 1899 incerto
626 1859 830 1899 consilium
857 1859 1013 1899 dedisse
1041 1862 1086 1898 ut
1111 1871 1137 1899 a
1163 1860 1291 1899 Nereo
1318 1859 1508 1908 disceret,
1538 1858 1605 1898 ubi
1625 1875 1629 1878 ·

214 1931 281 1973 illa
306 1931 409 1972 mala
436 1943 558 1972 aurea
584 1936 727 1973 essent.
759 1931 930 1972 Nereum
958 1932 996 1973 vi
1023 1930 1344 1982 comprehensum
1370 1932 1538 1982 primum
1565 1931 1605 1971 in

214 2016 356 2054 aquam
385 2008 505 2055 atque
532 2006 661 2055 ignem
690 2016 733 2045 se
760 2006 1014 2053 convertisse,
1043 2008 1128 2046 tum
1148 2005 1244 2046 facie
1262 2005 1430 2055 pristina
1447 2008 1606 2054 recepta

214 2077 343 2118 locum
371 2078 574 2120 indicasse.
604 2078 731 2120 Schol.
760 2078 811 2119 ad
839 2078 965 2129 Apoll.
993 2078 1066 2129 IV,
1099 2078 1210 2119 1396.
1249 2080 1358 2128 Quae
1386 2082 1603 2130 sequuntur

216 2153 322 2202 apud
351 2152 626 2202 Scholiastam‚
664 2163 899 2202 quamquam
933 2153 972 2191 in
1001 2155 1148 2192 rectam
1175 2154 1390 2193 orationem
1416 2163 1611 2192 conversa.

215 2229 327 2273 sunt,
366 2228 495 2266 tamen
523 2225 644 2265 nihilo
672 2225 799 2265 minus
826 2225 1064 2275 Pherecydis
1092 2236 1180 2265 esse
1208 2225 1370 2276 Vogelio
1397 2225 1603 2276 assentior,

214 2300 319 2350 quod
347 2311 436 2339 cum
464 2300 628 2350 reliquis
654 2300 884 2349 fragmentis
914 2311 1014 2348 quae
1041 2299 1144 2338 infra
1163 2299 1407 2347 adferuntur,
1435 2311 1603 2348 congru-

213 2375 297 2412 unt.
325 2372 516 2413 Hercules
543 2372 593 2412 ad
621 2382 742 2412 aurea
768 2371 871 2412 mala
898 2373 954 2412 sic
973 2373 1209 2421 penetravit:
1240 2372 1466 2413 Tartessum
1481 2382 1603 2422 quum

212 2446 403 2495 venisset,
431 2446 471 2485 in
499 2445 664 2496 Libyam
691 2445 886 2494 discessit,
916 2445 983 2485 ubi
1009 2447 1218 2495 Antaeum,
1245 2445 1417 2495 Neptuni
1443 2445 1602 2495 impium

214 2518 360 2568 filium,
401 2518 572 2559 sustulit.
615 2518 715 2559 Tum
742 2529 867 2569 usque
892 2518 945 2559 ad
971 2518 1104 2559 Nilum
1131 2529 1365 2570 progressus
1392 2518 1603 2569 Memphim
