1818 2765
261 96 316 138 32

253 202 424 252 gessisse
456 201 706 243 confiderent.
773 202 875 242 Nam
912 206 957 242 ut
991 204 1082 243 utar
1114 201 1313 253 exemplo,
1338 212 1459 253 quum
1485 201 1641 247 Atticae

254 275 373 326 prisci
399 275 551 317 incolae
578 277 646 325 qui
677 287 773 326 agro
806 277 967 316 colendo
1001 277 1145 317 victum
1172 275 1432 326 quaerebant,
1458 278 1505 317 ut
1521 275 1643 316 *lonis-

254 348 349 398 bus,
385 349 516 389 nautis
543 349 790 397 clarissimis,
826 348 941 389 sedes
977 348 1253 397 concederent,
1280 351 1528 398 cogerentur,
1555 347 1640 389 eius

255 422 312 462 rei
353 423 542 463 memoria
571 423 631 463 ita
668 425 826 462 servata
859 426 937 472 est,
974 425 1020 462 ut
1053 421 1230 463 Minerva
1265 433 1352 463 cum
1383 421 1580 472 Neptuno>
1594 421 1643 463 de
1693 460 1695 462 ,

254 494 475 544 principatu
502 497 750 535 concertasse
777 498 897 543 atque
923 495 991 539 illa
1009 496 1221 535 oleastrum
1247 494 1311 535 hic
1327 505 1471 544 equum
1488 504 1643 534 creasse

254 567 491 608 traderetur.
543 567 735 609 Helenam
771 578 927 618 qnoque
962 570 1083 618 atque
1118 566 1329 609 Dioscuros
1365 566 1433 618 qui
1465 566 1643 617 pristinis

251 641 465 681 Laconicae
492 641 635 691 incolis⁴
650 640 704 679 dii
731 644 844 680 erant
869 640 985 680 lunae
1012 644 1131 689 atque
1159 641 1343 688 siderum,
1370 651 1491 690 quum
1517 651 1643 689 popu-

253 714 381 754 lorum
407 713 704 764 migrationibus
732 712 912 754 civitates
949 715 1219 754 everterentur
1253 716 1373 764 atque
1399 723 1522 754 novae
1549 723 1642 754 con—

253 789 459 835 derentur,
495 787 635 841 heroes
663 786 786 829 factos
814 797 901 826 esse
934 791 1239 827 consentaneum
1266 790 1340 827 est.
1392 788 1522 835 Atque
1550 797 1643 826 ean-

252 862 341 901 dem
369 862 517 900 sortem
543 860 752 900 Herculem
782 859 938 910 tulisse,
973 861 1057 900 eius
1084 860 1142 900 rei
1170 860 1336 910 vestigia
1361 859 1402 899 in
1429 871 1476 900 eo
1503 859 1642 909 depre-

252 933 370 973 hendi
397 937 506 983 puto,
535 934 637 983 quod
662 933 714 974 ab
741 945 787 973 eo
806 932 1023 983 Plutonem,
1055 933 1248 973 Junonem
1276 933 1366 974 telis
1384 934 1529 983 petitos
1557 944 1644 973 esse

254 1007 448 1047 Homerus
461 1008 487 1047 l.
503 1018 547 1058 c.‚
569 1005 699 1046 Solem
714 1006 903 1056 Panyasis
918 1009 1066 1047 narrat.
1092 1007 1241 1046 Eodem
1255 1006 1452 1056 pertinere
1467 1006 1644 1046 existimo

251 1081 365 1131 bella,
394 1091 495 1131 quae
520 1080 732 1120 Herculem
759 1081 799 1119 in
826 1081 990 1121 Graecia
1016 1081 1185 1130 gessisse
1212 1079 1406 1120 Homerus
1431 1083 1579 1120 narrat.
1640 1099 1644 1102 >

377 1154 539 1194 Maioris
566 1154 750 1194 momenti
787 1155 927 1195 miram
959 1154 1061 1195 inter
1089 1154 1269 1195 Herculis
1297 1157 1338 1195 et
1364 1152 1570 1204 Apollinis,
1599 1155 1645 1193 ut

252 1240 277 1267 a
303 1228 432 1278 poetis
460 1228 748 1276 describuntur,
777 1228 966 1277 imagines
985 1227 1275 1267 similitudinem
1303 1238 1390 1268 esse
1408 1231 1517 1277 puto.
1544 1227 1643 1267 Nam

254 1306 300 1342 ut
327 1302 532 1350 Hercules,
560 1302 617 1341 ita
645 1301 803 1351 Apollo,
833 1313 947 1350 quem
975 1302 1074 1340 lucis
1102 1301 1216 1340 deum
1244 1300 1365 1340 fuisse
1398 1300 1644 1340 manifestum

253 1377 326 1425 est,
355 1373 570 1424 sagittandi
598 1377 683 1415 arte
711 1357 892 1414 excellits
935 1374 1060 1423 Saepe
1097 1373 1213 1413 etiam
1247 1373 1341 1413 solis
1368 1374 1538 1423 sagittae
1565 1373 1645 1413 sive

251 1447 351 1500 βέλη
379 1447 430 1487 ab
458 1447 628 1487 Homero
661 1451 945 1497 memorantur,
979 1458 1058 1497 qua
1084 1458 1129 1486 re
1163 1446 1306 1496 opinio,
1334 1446 1540 1487 Herculem
1568 1457 1646 1486 non

253 1522 381 1561 minus
409 1521 588 1570 Apolline
616 1521 709 1561 solis
737 1520 852 1560 deum
880 1520 1000 1560 fuisse
1027 1521 1123 1560 mire
1151 1521 1318 1560 iuvatur.
1371 1521 1427 1561 Ut
1453 1521 1644 1561 Hercules

253 1580 430 1646 hydram
452 1594 684 1645 Lernaeam,
725 1594 782 1635 ita
816 1594 956 1645 Apollo
984 1594 1199 1645 Pythonem
1233 1596 1454 1644 serpentem
1489 1593 1644 1643 sagittis

252 1669 495 1718 percussisse
522 1671 772 1716 memoratur,
801 1679 880 1717 qua
912 1668 1107 1717 serpentis
1134 1667 1406 1707 interfectione
1432 1670 1478 1705 ut
1503 1665 1644 1706 fluctus

254 1741 349 1790 sole,
377 1740 560 1781 tenebras
588 1740 675 1782 luce
694 1740 818 1780 victas
838 1739 1049 1790 significari
1068 1743 1251 1789 statuam,
1271 1751 1349 1779 non
1376 1739 1502 1779 solum
1521 1738 1643 1778 Creu-

253 1816 334 1854 zeri
360 1815 694 1863 plurimorumque
734 1814 1047 1863 mythologorum
1076 1814 1323 1862 anctoritate,
1366 1822 1499 1852 verum
1527 1813 1643 1851 etiam

253 1886 501 1929 considerata
527 1897 576 1927 ea
601 1885 753 1927 ratione
780 1897 859 1937 qua
884 1881 1120 1937 populorum
1147 1870 1255 1926 rudis
1282 1888 1391 1926 aetas
1419 1895 1484 1926 res
1512 1883 1644 1936 physi-

253 1973 320 2001 cas
348 1961 517 2000 sermoni
544 1960 729 1999 mandare
756 1960 874 1999 solita
901 1960 964 2007 sit,
991 1969 1232 2008 permoveor.
1260 1959 1343 1998 Iam
1370 1969 1489 2008 quum
1512 1957 1645 1998 fabula

253 2033 486 2084 Chrysaoris
513 2035 632 2083 atque
659 2031 852 2083 Geryonis
880 2034 1053 2073 tractata
1079 2030 1120 2070 in
1139 2030 1370 2081 Chrysaoris
1398 2029 1552 2071 nomine
1580 2040 1644 2069 so-

253 2109 303 2148 lis
330 2110 553 2158 respectum
581 2106 705 2146 latere
731 2106 913 2146 arbitrati
940 2106 1071 2155 simus,
1098 2105 1196 2145 mire
1223 2116 1294 2144 nos
1320 2104 1447 2144 iuvari
1466 2104 1643 2144 existimo

253 2195 301 2224 eo
328 2181 434 2233 quod
461 2181 545 2232 ipse
573 2179 713 2230 Apollo
750 2180 800 2220 ab
834 2179 1006 2226 Homero
1042 2176 1233 2234 χρυσάωρ
1268 2178 1394 2219 dictus
1422 2181 1495 2218 est.
1521 2177 1566 2217 11.
1594 2177 1642 2227 V,

251 2256 342 2297 509.
370 2255 509 2305 Neque
537 2255 662 2295 solum
689 2264 805 2293 arcus
840 2256 882 2293 et
913 2253 1099 2302 sagittae,
1139 2250 1413 2302 interfectique
1441 2254 1643 2301 serpentes

252 2327 485 2380 congruunt,
503 2339 639 2368 verum
667 2329 785 2368 etiam
813 2328 917 2378 quod
936 2329 1104 2377 uterque
1123 2327 1228 2366 servi
1246 2325 1509 2366 condicionem
1533 2336 1642 2367 eam-

253 2415 330 2453 que
363 2415 435 2453 per
470 2403 572 2442 idem
605 2403 777 2451 spatium
811 2401 912 2440 tulit.
967 2400 1115 2441 Narrat
1148 2399 1249 2439 enim
1286 2398 1544 2448 Apollodorus
1571 2397 1641 2438 111.

254 2477 316 2527 10,
343 2477 371 2516 4
396 2476 614 2526 Apollinem
651 2486 728 2526 quo
762 2473 975 2525 Cyclopum
1010 2484 1143 2514 necem
1177 2473 1335 2524 sagittis
1368 2482 1643 2522 percussorum

252 2552 391 2601 lueret,
418 2550 595 2600 Admeti,
624 2548 849 2590 Thessaliae
889 2547 1013 2598 regis,
1049 2558 1204 2588 servum
1237 2547 1383 2588 factum
1410 2556 1497 2587 esse
1524 2548 1643 2596 atque
