1818 2765
231 101 285 142 24

231 206 458 247 Heraclisco
498 207 566 256 80,
601 211 645 247 et
680 206 929 256 Apollonium
956 205 1149 246 Rhodium
1192 206 1230 255 1,
1271 203 1620 254 1318uperhibere.

233 279 364 327 Quare
391 279 591 328 probabile
618 281 656 319 ei
683 290 770 319 esse
805 279 979 326 videtur,
1008 278 1212 318 duodecim
1246 276 1422 316 laborum
1456 277 1619 317 electum

232 356 273 393 et
299 353 544 393 collationem
571 364 650 392 non
676 355 768 392 ante
786 352 997 393 Alexandri
1024 356 1095 392 aut
1111 351 1423 392 Ptolemaeorum
1441 354 1621 401 tempora

232 424 395 465 Graecis
423 425 632 465 exstitisse.
661 426 759 464 Tum
787 423 934 464 factum
962 435 1049 464 esse
1077 427 1121 463 ut
1140 424 1319 465 Herculis
1333 434 1420 480 cum
1440 422 1531 463 Sole
1555 434 1620 463 so-

231 499 355 538 cietas
390 497 614 547 singulatim
648 497 936 538 describeretur
972 501 1012 537 et
1045 497 1257 538 secundum
1293 497 1388 537 solis
1415 496 1619 537 duodecim

231 581 360 609 annua
387 572 428 609 et
454 569 683 619 quotidiana
703 571 917 611 certamina
935 581 983 609 ex
1000 581 1133 609 rerum
1159 569 1209 609 ab
1236 569 1405 610 Hercule
1420 572 1621 620 gestarum

230 643 425 693 indigesta
438 643 539 683 mole
558 643 761 683 duodecim
780 643 847 693 qui
866 643 1049 683 dicuntur
1067 639 1190 684 ἆθλοι
1204 642 1482 693 deligerentur.
1501 642 1620 683 Alex·-

231 717 395 755 andrum
419 717 521 755 enim
542 719 584 755 et
597 717 843 756 Ptolemaeos
874 718 1066 765 perpetuo
1094 716 1134 755 in
1162 726 1210 754 eo
1227 716 1428 755 laborasse
1446 719 1564 765 atque
1582 715 1622 754 id

231 790 359 839 egisse
374 793 419 828 ut
432 800 520 829 cum
539 789 763 829 nationibus
777 801 801 828 a
815 788 1093 829 Macedonibus
1108 787 1283 829 subactis
1298 788 1438 829 Graeci
1447 789 1488 828 in
1502 799 1620 828 unum

231 862 344 912 quasi
362 863 559 918 „populum
577 862 856 902 coalescerent.
886 862 958 902 Cui
978 863 1036 901 rei
1055 872 1235 911 magnum
1254 861 1520 901 adiumentum
1538 861 1621 901 fore

232 935 266 972 si
280 935 335 974 dii
355 938 396 973 et
421 935 561 974 heroes
589 946 706 983 quam
728 935 912 974 simillimi
926 938 1174 983 apparerent,
1202 945 1279 973 non
1297 935 1381 973 sine
1400 946 1540 975 caussa
1553 946 1620 974 eos

232 1006 487 1047 existimasse.
516 1007 598 1047 Iam
626 1006 859 1047 Pisandrum
887 1006 1173 1057 Panyasimque
1200 1007 1383 1047 continuo
1411 1006 1450 1046 in
1483 1017 1530 1048 eo
1563 1007 1620 1047 la-

231 1080 392 1119 borasse
425 1084 470 1119 ut
508 1079 589 1119 Soli
621 1081 695 1120 deo
723 1080 912 1120 Heracles
940 1081 1064 1128 magis
1093 1080 1296 1130 magisque
1324 1084 1620 1130 exaequaretur.

229 1152 369 1201 Itaque
396 1153 605 1192 Herculem
633 1154 701 1201 qui
726 1151 958 1201 Chrysaoris
985 1152 1106 1191 filium
1126 1150 1348 1201 Geryonem
1371 1151 1620 1201 interfecerit,

231 1223 572 1274 Hesperidumque
611 1224 714 1264 mala
750 1223 957 1265 abduxerit
996 1234 1137 1273 aurea,
1166 1224 1325 1275 Tyrium
1358 1223 1621 1265 Melkarthum

230 1308 329 1337 esse.
372 1297 578 1347 Erythiam
610 1308 697 1338 esse
729 1298 981 1348 Hispaniam,
1025 1298 1091 1352 ubi
1126 1308 1245 1347 quum
1282 1297 1429 1347 optima
1463 1297 1622 1338 metalla

229 1374 312 1410 tum
339 1370 469 1420 opima
495 1374 672 1411 armenta
690 1371 951 1412 Phoenicibus
979 1383 1192 1422 eorumque
1219 1370 1380 1411 coloniis
1408 1373 1501 1413 nata
1528 1371 1619 1411 sint,

231 1442 425 1493 Geryonis
452 1455 521 1484 sex
547 1445 669 1493 pedes
697 1455 767 1484 sex
794 1456 930 1484 manus
950 1454 1177 1493 pennasque
1195 1443 1301 1484 haud
1319 1444 1437 1484 dubie
1452 1456 1476 1483 a
1494 1445 1619 1485 Phoe-

229 1515 382 1556 nicibus
417 1505 604 1556 confictas
640 1527 744 1565 esse,
780 1529 859 1567 qua
892 1516 1121 1557 confictione
1155 1516 1328 1557 Graecos
1365 1520 1486 1566 atque
1523 1518 1620 1556 alios

228 1590 407 1638 populos,
435 1589 641 1639 quominus
673 1590 971 1640 frequentarent
1001 1593 1147 1630 terram
1179 1577 1473 1638 fertilissimam,
1508 1590 1620 1630 bonis

231 1661 384 1701 abunde
412 1662 619 1712 repletam,
656 1663 726 1703 sed
752 1663 937 1703 monstris
964 1662 1210 1712 horrendam,
1237 1663 1493 1704 deterrerent.
1539 1663 1618 1702 Vo-

228 1735 354 1784 gelius
381 1735 656 1785 gravissimum
684 1736 869 1776 Creuzeri
897 1739 1016 1785 atque
1044 1736 1178 1776 Baurii
1205 1740 1490 1786 argumentum,
1517 1736 1618 1776 Her-

227 1807 327 1848 culis
345 1807 523 1848 laborum
543 1819 632 1848 cum
650 1808 811 1849 zodiaco
831 1810 1160 1858 comparationem
1179 1809 1375 1850 refutavit.
1406 1808 1483 1850 Sed
1500 1820 1619 1860 quum

230 1879 449 1931 Geryonem
477 1885 597 1932 atque
623 1882 864 1931 Hesperides
890 1882 1127 1922 Phoenicum
1154 1881 1402 1922 confictiones
1424 1893 1511 1923 esse
1526 1894 1618 1923 con-

230 1953 430 2003 tenderet,
463 1954 577 1995 nimis
606 1957 752 1996 temere
779 1965 847 1995 eas
872 1954 1025 1995 fabulas
1052 1954 1319 1995 considerasse
1345 1955 1512 1996 videtur.

355 2027 515 2067 Curtius
544 2026 713 2076 (Griech.
742 2027 881 2068 Gesch.
909 2039 997 2077 pag.
1024 2027 1110 2078 50.)
1136 2039 1209 2077 per
1234 2028 1443 2069 Herculem
1470 2028 1616 2078 signifi-

228 2099 310 2139 cari
336 2101 452 2160 putat
477 2099 693 2141 Phoenices
726 2104 867 2141 nautas
895 2112 941 2140 ac
968 2100 1146 2151 colonos,
1180 2111 1346 2150 eumque
1379 2111 1452 2151 per
1485 2112 1617 2143 omnes

228 2176 356 2211 terras
383 2175 579 2213 errantem
597 2173 833 2214 Phoenicum
861 2177 1122 2213 mercatorum
1141 2174 1348 2223 imaginem
1374 2184 1472 2214 esse.
1499 2174 1617 2215 Phia-

226 2245 304 2283 lam
332 2256 410 2294 qua
427 2245 631 2295 Erythiam
659 2247 873 2295 traiecerit‚
893 2247 1102 2297 imaginem
1130 2257 1215 2286 esse
1242 2247 1352 2286 navis
1380 2245 1617 2287 Phoenicum

228 2317 432 2358 onerariae
469 2318 702 2369 carinaeque
737 2330 829 2358 aere
865 2319 1047 2359 munitae.
1107 2318 1320 2360 Phoenices
1353 2318 1475 2360 fuisse
1507 2320 1616 2360 illum

226 2389 447 2442 Herculem,
467 2393 535 2442 qui
562 2393 688 2433 amnis
707 2403 830 2432 cornu
847 2394 1111 2442 perniciosum
1129 2391 1325 2444 fregisset,
1346 2403 1511 2443 aggeres
1531 2406 1615 2435 mu-

226 2464 411 2514 nivisset,
446 2466 531 2504 vias
565 2466 803 2515 aperuisset,
832 2469 1008 2505 monstra
1041 2464 1301 2506 exstinxisset.
1323 2490 1328 2494 -
1357 2465 1435 2506 Sed
1462 2471 1615 2508 veteres

225 2536 312 2576 illas
340 2537 389 2576 de
415 2537 652 2578 Phoenicum
680 2542 722 2579 et
746 2539 1029 2588 Aegyptiorum
1056 2539 1097 2578 in
1124 2538 1291 2580 Graecia
1317 2539 1476 2580 coloniis
1502 2539 1614 2581 fabu-
