1818 2765
1562 56 1586 98 ‘1

208 156 477 207 Aphrodisias.
504 158 551 203 In
576 170 690 200 sacro
716 158 982 211 promontorio
1008 159 1113 210 quod
1139 159 1181 203 in
1206 161 1382 203 extrema
1397 158 1589 210 Hispania

208 232 289 280 est,
322 230 504 276 Herculis
534 231 672 273 fimum
701 243 789 274 esse
814 232 998 283 Ephorus
1024 232 1187 274 dixerat,
1232 232 1375 273 Strabo
1401 232 1471 281 ΠΙ,
1494 234 1586 274 202.

209 303 397 348 Sosnieos-
417 303 656 347 Graecorum
686 309 824 356 poetas
855 308 1066 357 propterea
1099 305 1334 354 omittendos
1365 317 1453 347 esse
1479 310 1587 356 pato,

208 378 327 427 quod
342 388 423 419 non
456 381 502 417 ut
526 383 781 428 acceperunt,
816 378 970 431 fabulas
997 378 1231 428 tractabant,
1256 379 1328 421 sed
1354 390 1517 428 prorsus
1543 382 1589 421 ut

208 451 395 499 cuiusque
426 462 561 496 eorum
592 452 632 495 in
665 451 950 502 componendis,
965 450 1207 494 dramatihus
1232 451 1431 500 ingenium
1457 450 1586 494 eonsi-

206 522 379 574 liumque
402 527 508 574 erat,
542 523 748 566 mutabant
770 527 892 574 atque
919 522 1185 572 invertebant;
1214 534 1340 574 neque
1367 524 1417 565 ad
1443 525 1587 574 eonsti-

209 596 377 638 tuendas
402 608 483 646 eae,
510 598 558 638 de
585 597 726 646 quibus
753 598 914 646 agimus,
942 595 1095 638 fabulas
1113 598 1245 646 magni
1261 597 1445 639 momenti
1464 600 1587 647 erant,

206 680 325 719 quum
352 672 393 711 et
426 680 624 719 perpauca
656 669 708 712 de
734 669 783 710 iis
817 668 1036 710 scriberent
1062 671 1103 708 et
1129 680 1177 709 eo
1204 671 1379 720 tempore
1405 680 1483 719 quo
1506 669 1586 711 iam

206 740 361 783 fabulae
387 742 428 781 in
454 746 559 783 certo
585 743 681 782 orbe
706 742 977 784 constiterant,

307 845 310 848 Δ
330 814 461 862 Quare
494 825 613 864 quum
639 815 812 864 priorum
845 814 1078 864 scriptorum
1103 814 1154 854 de
1181 813 1373 865 Geryonis
1397 816 1586 863 armentis

205 890 247 927 et
264 886 522 935 Hesperidum
549 888 659 928 malis
678 887 864 937 reliquias
882 886 1165 936 collegerimus,
1192 889 1271 928 iam
1288 886 1459 936 Apollo
1470 887 1585 935 dori,

204 969 318 1008 quem
350 958 514 1000 deorum
547 962 667 1009 atque
702 959 865 1002 heroum
901 958 1054 1000 fabulas
1088 971 1136 999 ex
1171 959 1368 1010 prioribus
1400 960 1586 1001 historiae

204 1031 430 1072 auctoribus
466 1034 584 1081 atque
610 1034 736 1081 poetis
764 1034 972 1082 diligenter
1006 1032 1217 1074 contulisse
1244 1036 1421 1080 constat,
1448 1044 1585 1073 narra·

204 1104 348 1145 tionem
375 1102 600 1145 referemus,
629 1104 788 1154 Narrat,
815 1105 855 1144 in
883 1105 1011 1145 insula
1027 1104 1231 1155 Eurythia,
1259 1115 1358 1153 quae
1384 1115 1488 1146 nunc
1506 1104 1585 1146 Ga-

203 1177 314 1217 deira
331 1176 560 1226 appelletur,
580 1177 777 1218 habitasse
794 1177 1026 1227 Geryonem,
1045 1177 1281 1227 Chrysaoris
1299 1181 1341 1216 et
1358 1176 1586 1218 Calirrhoae

203 1249 343 1300 filium,
378 1261 543 1300 eumque
577 1250 697 1293 trium
730 1250 927 1307 bominum
955 1261 1120 1300 corpora
1146 1251 1185 1291 in
1214 1262 1331 1293 unum
1359 1250 1586 1300 composita,

203 1323 260 1362 ita
285 1325 331 1363 ut
356 1324 396 1362 in
409 1323 587 1366 clunibus
608 1327 912 1372 concrescerent,
939 1324 1133 1365 habuisse.
1161 1324 1281 1363 Cuius
1306 1323 1425 1363 boves
1444 1323 1586 1365 rubros

202 1408 321 1446 quum
347 1397 505 1447 abigere
530 1397 692 1447 Herculi
718 1398 942 1440 mandatum
971 1400 1092 1447 esset,
1118 1396 1159 1438 in
1186 1396 1349 1448 Libyam
1377 1408 1465 1436 eum
1490 1408 1584 1446 pro·

200 1469 346 1511 fectum
371 1480 459 1510 esse
485 1474 525 1509 et
552 1470 726 1511 Tartessi
751 1471 851 1511 duas
876 1470 1076 1511 columnas
1102 1470 1143 1508 in
1164 1471 1350 1519 Europae
1374 1473 1418 1509 et
1434 1468 1584 1519 Libyae

202 1541 341 1585 finibus
390 1543 542 1584 itineris
590 1543 651 1584 sui
695 1546 944 1584 monumenta
989 1542 1219 1583 extruxisse.
1274 1543 1400 1590 Quum
1440 1542 1481 1581 in
1520 1542 1583 1581 iti-

203 1625 295 1657 nere
342 1615 445 1655 Solis
490 1616 631 1656 ardore
677 1619 904 1664 vexaretur,
950 1615 1115 1664 sagittas
1160 1616 1202 1655 in
1250 1626 1337 1657 eum
1383 1614 1584 1663 direxisse,

203 1700 280 1738 qua
323 1688 575 1738 perterritum
614 1689 778 1731 audacia
818 1688 946 1730 Solem
983 1690 1022 1730 ei
1069 1688 1238 1738 phialam
1282 1698 1460 1738 auream,
1507 1699 1586 1738 qua

203 1762 400 1804 oceanum
427 1763 609 1804 traiicere
635 1762 773 1802 solitus
800 1765 917 1811 esset,
944 1762 1112 1806 dedisse.
1160 1763 1246 1810 Qua
1273 1761 1427 1812 quidem
1454 1760 1586 1810 phiala

203 1837 336 1875 vectus
384 1845 502 1884 quum
543 1834 745 1885 Erythiam
790 1834 968 1884 venisset,
1008 1837 1128 1884 atque
1172 1834 1212 1873 in
1257 1835 1410 1875 Abante
1453 1838 1585 1875 monte

202 1906 461 1956 consedisset,
490 1906 675 1949 Orthrum
711 1902 845 1948 canem
872 1907 1068 1956 bicipitem
1097 1911 1137 1947 et
1164 1907 1418 1957 Eurytionem
1444 1907 1583 1948 bubul-

203 1991 288 2020 cum
315 1991 399 2022 rem
425 1980 614 2031 impedire
641 1986 801 2021 conatos
829 1979 1079 2026 interfecisse.
1108 1979 1329 2031 Geryonem
1347 1991 1441 2021 vero
1461 1991 1581 2031 quum

201 2065 226 2091 a
252 2052 468 2100 Menoetio,
502 2055 571 2101 qui
605 2054 741 2095 iisdem
775 2056 817 2094 in
843 2054 937 2092 locis
965 2053 1120 2093 Plutoni
1146 2053 1264 2095 boves
1291 2057 1469 2101 pasceret
1498 2065 1583 2093 cer-

202 2125 280 2168 tior
319 2124 444 2167 factus
484 2127 667 2176 persequi
701 2126 910 2167 Herculem
943 2137 1062 2166 ausus
1097 2128 1223 2175 esset,
1261 2125 1312 2166 ab
1346 2125 1413 2165 illo
1446 2130 1584 2167 exorto

203 2199 413 2242 certamine
449 2194 637 2249 singulari
668 2201 823 2250 sagittis
851 2211 1078 2249 percussum
1105 2210 1203 2242 esse.
1258 2200 1344 2248 Quo
1370 2200 1474 2241 faeto
1503 2199 1584 2242 Soli

202 2271 370 2322 phialam
409 2272 584 2314 traiectis
629 2272 794 2315 bovibus
830 2272 1059 2314 reddidisse.
1114 2271 1337 2313 Interfectis
1373 2271 1513 2313 deinde
1544 2272 1585 2312 in

203 2346 365 2396 Liguria
390 2347 566 2396 Dereyne
599 2350 640 2387 et
667 2346 852 2390 Alebione
884 2347 1004 2387 boves
1037 2358 1176 2396 rapere
1208 2347 1313 2386 ansis
1341 2348 1386 2385 ut
1413 2343 1584 2396 Tyrrhe-

203 2420 307 2461 niam
333 2429 551 2472 peragrans
574 2418 627 2459 ad
653 2419 799 2461 fretum
824 2420 1016 2468 venisset,
1049 2430 1167 2462 unum
1203 2418 1320 2459 boum
1347 2419 1387 2458 in
1414 2417 1584 2460 Siciliam

202 2495 482 2544 mansuetasse.
537 2493 658 2540 Quem
686 2492 824 2535 bovem
852 2504 972 2542 quum
996 2493 1104 2542 Eryx
1128 2492 1355 2542 Elymorum
1382 2503 1452 2532 rex
1476 2491 1585 2541 Nep-
