1818 2765
211 86 266 126 28

206 191 291 230 sine
322 191 402 232 uuo
430 193 584 234 vinculo
610 195 730 234 variis
756 195 797 234 in
822 194 919 234 locis
946 197 1182 235 memoratae
1208 198 1312 235 sunt.
1350 194 1499 243 Quodsi
1525 196 1592 236 de-

206 265 285 312 tur,
312 264 477 305 alteram
503 265 675 312 fabulam
692 266 855 307 alterius
869 277 959 307 esse
975 269 1167 308 variatam
1180 267 1455 318 narrationem,
1480 267 1592 309 fobu·-

206 337 269 377 lae
296 338 573 388 interpretatio
599 339 747 381 nullam
774 340 887 382 nobis
921 339 1186 381 difficultatem
1213 340 1381 381 exhibet.
1437 339 1593 391 Signifi-

206 413 310 452 catio
337 414 440 453 enim
468 412 574 462 solis,
590 413 657 463 qui
684 412 803 454 hiemi
829 415 923 454 anni
950 417 1130 464 tempora
1155 414 1238 454 sive
1263 426 1417 456 menses
1444 419 1485 455 et
1510 414 1594 456 dies

206 485 359 534 avehat,
387 496 505 536 quam
532 485 750 528 Creuzerus
777 487 923 537 quique
950 498 1039 527 eum
1066 489 1192 528 secuti
1218 491 1320 539 sunt,
1348 488 1594 529 statuendam

206 569 293 598 esse
322 558 617 607 existimabant,
660 559 755 599 mibi
788 571 944 609 quoque
978 559 1180 608 probatur.
1236 560 1454 611 Geryonem
1490 562 1594 601 enim

205 641 292 671 esse
326 630 490 671 hiemem
504 662 513 680 ‚
547 633 632 672 sive
668 643 807 673 nomen
846 644 871 673 a
904 637 1031 688 γῆρας
1063 633 1220 675 ducitur
1252 634 1334 673 sive
1369 646 1393 674 a
1419 631 1593 687 γηρύειν,

204 703 409 753 Erythiam
435 704 601 744 insulam
629 706 781 745 coelum
808 705 1008 745 occidente
1034 706 1117 745 sole
1150 706 1295 746 rubens
1322 708 1417 756 quin
1444 709 1594 746 statua-

205 788 292 817 mus
319 777 415 816 nihil
446 777 590 818 obstat.
645 777 832 818 Orthrum
869 783 1002 819 canem
1040 790 1126 819 esse
1158 780 1372 820 diluculum
1404 779 1491 829 ipso
1524 771 1593 819 no-

205 850 308 890 mine
340 850 546 891 indicatur.
600 851 676 899 Qui
714 851 821 891 canis
858 853 964 901 quod
998 851 1128 901 biceps
1162 852 1283 892 fuerit
1317 863 1366 891 ne
1392 853 1593 900 miremur,

204 924 372 964 alterum
400 923 503 965 enim
530 926 651 974 caput
678 925 795 974 nocti,
823 924 989 965 alterum
1017 925 1096 965 diei
1123 924 1370 966 obtendebat.
1416 924 1594 964 Eundem

205 997 300 1037 solis
342 998 556 1038 occidentis
597 1002 819 1047 respectum
855 998 895 1037 in
940 998 1222 1048 Hesperidibus
1262 1000 1385 1038 latere
1417 1000 1593 1047 apparet.

204 1070 303 1110 Nam
332 1074 373 1110 et
400 1071 593 1111 communi
620 1071 774 1111 nomine
801 1071 1063 1121 Hesperidum
1091 1075 1132 1112 et
1158 1071 1401 1121 singularum
1428 1071 1592 1111 nomini-

204 1143 278 1181 bus
306 1143 412 1182 haud
439 1144 604 1183 obscure
632 1144 699 1182 lux
735 1143 976 1193 significatur
1010 1145 1210 1183 occidente
1237 1144 1319 1182 sole
1345 1154 1593 1183 evanescens.

205 1216 302 1255 Cum
329 1216 401 1256 hac
430 1216 688 1266 explicatione
714 1227 791 1255 non
818 1216 1055 1257 contendere
1082 1219 1190 1266 puto,
1218 1217 1253 1256 si
1270 1216 1507 1265 Hesperides
1534 1216 1594 1255 di-

204 1291 344 1327 cantur
371 1300 551 1329 canorae.
602 1290 688 1336 Quo
716 1288 966 1338 significicari
992 1289 1087 1328 mihi
1114 1300 1346 1337 persuasum
1372 1292 1433 1328 est
1459 1294 1594 1329 ventos

204 1373 252 1401 ex
293 1361 504 1402 occidentis
553 1361 647 1401 solis
696 1360 923 1411 regionibus
969 1360 1120 1401 flantes.
1174 1361 1349 1402 Eandem
1391 1364 1595 1401 ventorum

203 1434 414 1484 significari
462 1435 660 1475 notionem
709 1438 807 1484 puto
856 1446 975 1485 quum
1022 1434 1285 1484 Hesperidum
1326 1446 1488 1485 serpens
1529 1446 1594 1474 eo-

203 1510 293 1548 dem
340 1509 530 1559 temporis
580 1511 776 1548 momento
824 1508 968 1548 multos
1007 1509 1217 1558 variosque
1263 1519 1380 1549 sonos
1426 1508 1594 1549 edidisse

165 1600 167 1602 >
203 1582 396 1622 tradatur.
461 1581 611 1630 Quibus
652 1582 687 1621 si
726 1582 895 1631 primum
929 1592 1020 1621 oves
1060 1572 1229 1621 tributas
1270 1592 1358 1620 esse
1393 1584 1594 1631 putamus,

204 1665 282 1693 non
323 1665 422 1704 opus
463 1658 525 1694 est
570 1654 819 1703 explicando,
861 1665 981 1703 quum
1028 1665 1112 1694 eam
1160 1654 1352 1694 variatam
1397 1654 1446 1693 de
1494 1654 1595 1695 Solis

204 1726 391 1778 gregibus
426 1728 692 1767 narrationem
728 1737 816 1767 esse
852 1730 1052 1777 appareat.
1107 1726 1195 1766 Jam
1223 1738 1316 1766 vero
1344 1726 1377 1766 si
1405 1727 1454 1766 iis
1481 1737 1597 1776 poma

204 1802 366 1851 propria
391 1800 513 1840 fuisse
541 1812 629 1840 cum
658 1800 803 1840 maiore
839 1799 1059 1840 fabularum
1091 1802 1328 1850 scriptorum
1361 1802 1474 1850 parte
1513 1803 1595 1840 sta-

205 1874 362 1923 tuimus,
397 1874 489 1913 anni
527 1876 746 1922 temporum
783 1873 980 1913 notionem
1014 1873 1054 1911 in
1094 1875 1144 1914 iis
1179 1873 1309 1913 inesse
1350 1872 1485 1923 negari
1519 1883 1596 1912 non

204 1949 347 1997 potest.
402 1946 543 1987 Tribus
571 1947 676 2000 enim
701 1946 826 1996 pomis
846 1946 991 1995 aureis,
1019 1947 1122 1986 unde
1149 1947 1340 1987 Hercules
1367 1943 1508 1999 μήλων
1535 1949 1596 1985 at-

205 2031 280 2070 que
308 2018 483 2072 εὕμηλος
509 2020 638 2059 dictus
667 2030 754 2060 esse
781 2019 949 2069 videtur,
968 2021 1048 2060 tria
1074 2021 1166 2060 anni
1188 2023 1366 2069 tempora
1389 2018 1598 2069 significari

204 2105 418 2144 eorumque
446 2095 635 2134 iucundas
665 2095 780 2143 vinea
808 2093 848 2132 in
876 2104 923 2133 eo
952 2105 1085 2134 omnes
1114 2092 1196 2133 fere
1229 2093 1450 2133 fabularum
1477 2092 1597 2133 inter-

204 2170 337 2217 pretes
377 2167 636 2207 consentiunt.
699 2167 877 2206 Eandem
919 2166 1013 2206 solis
1055 2167 1165 2207 verni
1203 2165 1521 2216 significationem
1558 2167 1598 2204 in

205 2241 341 2280 Persei
369 2240 500 2281 fabula
527 2241 670 2289 latere,
706 2252 807 2291 quae
834 2243 899 2280 est
924 2239 1110 2280 Creuzeri
1144 2244 1263 2290 atque
1290 2239 1427 2279 Baurii
1454 2240 1597 2288 opinio,

206 2316 281 2356 etsi
325 2315 442 2355 aliam
491 2317 663 2355 statuam
696 2313 851 2353 fabulae
894 2313 1081 2363 originem
1117 2316 1223 2353 recte
1268 2323 1337 2351 eos
1379 2313 1598 2361 suspicatos

204 2400 292 2429 esse
319 2388 505 2430 arbitror.
546 2388 646 2428 Nam
675 2387 814 2428 Graeis
842 2387 1053 2438 significari
1080 2386 1217 2427 hiemis
1245 2386 1349 2426 senis
1376 2386 1454 2425 vim
1482 2396 1598 2435 quam

203 2464 243 2504 in
272 2464 457 2514 Geryone
486 2463 610 2504 latere
638 2461 819 2503 arbitrati
847 2473 994 2510 sumus,
1014 2473 1061 2501 ex
1083 2463 1169 2511 ipso
1196 2461 1351 2500 nomine
1377 2462 1418 2500 et
1445 2471 1492 2498 ex
1519 2457 1597 2498 Ge-

203 2538 341 2587 ryonis
369 2536 624 2577 similitudine
652 2547 845 2585 apparere
872 2535 1040 2575 videtur.
1086 2534 1147 2573 Ad
1174 2533 1337 2574 eandem
1365 2544 1449 2572 rem
1476 2532 1598 2581 signi-
